3228 4972
428 947 434 959 ·
639 911 838 996 VITA.

264 1243 359 1300 Natus
383 1259 446 1300 sum
468 1241 541 1299 Karl
556 1237 781 1300 Euald'Troost
794 1239 935 1300 Wittonis
951 1239 1169 1301 Guestlalorum
1192 1241 1301 1301 XXIV.

179 1329 227 1387 die
243 1327 399 1386 Februarii
414 1328 443 1386 h.
460 1344 482 1384 s.
500 1325 575 1385 LIV.
598 1327 794 1400 religionique,
813 1326 949 1384 addictus
972 1327 1142 1386 catholicae.
1181 1326 1303 1387 Litteris

179 1419 208 1472 et
224 1430 277 1488 per
292 1419 353 1471 tres
376 1429 467 1471 annos
482 1413 512 1470 in
530 1412 815 1494 »gymnasio-reali«
840 1411 919 1484 quod
940 1427 1017 1470 nuno
1041 1412 1148 1471 dicitur
1162 1411 1303 1472 Wittensi

138 1513 139 1518 ’
178 1504 208 1558 et
236 1501 374 1571 privatim
403 1503 433 1556 et
463 1514 516 1571 per
548 1498 674 1570 quinque
705 1513 796 1555 annos
826 1498 857 1555 in
885 1498 1035 1570 gymnasio
1065 1497 1303 1557 Paderbornensi

177 1578 345 1656 institutus,
375 1600 429 1655 per
459 1582 681 1655 quadriennium
710 1584 741 1640 in
768 1582 918 1640 academia
939 1581 1168 1643 Monasteriensi
1197 1584 1303 1642 studiis

177 1669 401 1742 philosophicis,
435 1668 633 1741 philologieis,
667 1668 815 1726 historicis
849 1683 969 1741 operam
1002 1670 1117 1727 navari.
1168 1667 1228 1729 Ubi
1257 1685 1303 1729 me

178 1756 340 1814 docuerunt
361 1771 407 1812 vv.
434 1754 476 1811 ill.
504 1753 718 1827 Hagemann,
746 1754 902 1827 Langen,
930 1753 1100 1827 Lindner,
1128 1755 1301 1827 Niehues,

177 1837 369 1912 Nordholi,
393 1839 594 1910 subruetur,
619 1839 781 1913 Spioher,
806 1839 920 1911 Stahl,
945 1839 1081 1898 Storck.
1128 1839 1240 1911 Quibus
1262 1842 1304 1898 vi-

37 1945 53 2002 j
177 1928 218 1984 ris
247 1928 357 2000 gratias
386 1941 440 1998 ago
468 1941 555 1996 quam
577 1925 727 1982 maximas.
772 1925 857 1998 Regii
880 1925 1029 1982 seminarii
1050 1923 1218 1999 philologici
1240 1942 1303 1985 rec·

176 2012 290 2070 toribus
305 2011 448 2085 Langen
471 2015 500 2068 et
523 2010 623 2068 Stuhl
639 2009 747 2078 sodalis
763 2007 806 2067 fui
821 2026 875 2083 per
890 2027 942 2068 sex
964 2027 1078 2069 menses
1102 2010 1303 2072 extraordina-

176 2099 254 2169 rius,
284 2097 450 2155 ordinarius
480 2112 534 2169 per
564 2101 670 2168 quater
701 2095 795 2154 senos.
844 2095 975 2154 Examen
1005 2112 1059 2168 pro
1088 2093 1144 2154 fac.
1175 2096 1240 2155 doe.
1272 2097 1315 2162 d.¹

176 2183 211 2240 V.
232 2182 321 2241 Febr.
345 2198 371 2240 a.
395 2181 522 2239 LXXIX
544 2180 666 2239 absolvi.
711 2181 783 2240 Inde
806 2197 824 2237 a
845 2198 883 2238 m.
908 2180 1027 2239 Octobri
1051 2197 1077 2238 a.
1101 2180 1301 2241 LXXVIII-

176 2268 302 2326 LXXlX
330 2268 418 2341 Regis
447 2272 545 2325 castra
568 2267 742 2325 Monasterii
770 2272 887 2324 secutus
917 2265 1053 2338 deinceps
1084 2284 1173 2325 unum
1195 2283 1302 2326 annum

176 2346 372 2411 Friedlandae
394 2353 603 2423 Borussorum‚
630 2353 697 2424 plus
727 2352 899 2409 decennium
920 2353 1117 2424 progymnasii
1139 2353 1302 2411 Francosa·

176 2441 274 2498 nensis
297 2439 437 2512 magister
459 2440 490 2496 in
512 2439 611 2511 pueris
635 2438 758 2496 contrivi
782 2436 948 2495 edocendis.
978 2436 1013 2494 In
1036 2434 1186 2510 publicum
1209 2438 1300 2497 edidi:

211 2539 237 2599 1.
260 2543 291 2599 in
311 2542 407 2598 annal.
423 2540 568 2599 Fleckeis.
594 2537 676 2598 1884
698 2557 727 2612 p.
747 2537 927 2599 101—107:
953 2540 1014 2598 aZu
1028 2539 1197 2600 Aeschinos'
1219 2539 1301 2599 Reda

261 2642 353 2700 gegen
375 2625 564 2698 Ctesiphon<

209 2729 238 2790 2.
262 2730 332 2788 ibid.
359 2725 455 2801 1886,
484 2746 513 2802 p.
534 2725 725 2786 sol-811:
756 2742 818 2786 ann.
842 2746 868 2786 v.
892 2729 1013 2788 Platons
1041 2729 1166 2803 Gorgias
1189 2728 1302 2789 erkldrt

28 2825 30 2836 ’
128 2843 131 2850 ·
262 2833 288 2872 v.
311 2816 335 2872 Ι.
357 2813 518 2874 Deutschle
541 2831 569 2870 ιι.
594 2813 645 2872 Oh.
670 2813 755 2872 Oron.

208 2920 237 2978 3.
263 2919 343 2978 »Des
364 2918 480 2978 Aeneas
502 2915 628 2976 Irrfahrt
650 2935 677 2974 v.
694 2918 782 2991 Troja
804 2935 832 2975 n.
856 2917 1037 2992 Karthago(
1075 2917 1302 2993 Uebertragung

262 3023 288 3062 v.
312 3003 450 3064 Aeneisl
473 3021 501 3061 ιι.
525 3003 576 3062 ΠΙ.
622 3003 723 3061 Berlin
748 3000 839 3062 1888.

207 3108 237 3167 4.
263 3109 459 3169 »Unechtheit
482 3109 533 3166 des
556 3107 632 3165 Plat.
657 3107 856 3166 Charmides«
902 3107 1004 3166 Berlin
1029 3103 1120 3165 1888.

208 3211 236 3271 5.
259 3212 614 3356 aligrgostlrecensionesin
631 3208 1090 3282 ›Ber1.philol.Wuchensuhr.‹
1115 3225 1141 3268 a.
1166 3225 1193 3268 a.
1218 3207 1299 3268 1887

260 3401 365 3459 Restat
386 3405 419 3458 ut
434 3401 505 3458 viris
528 3400 707 3470 clarissimis,
731 3401 782 3471 qui
801 3399 996 3457 Vraiislaviae
1019 3404 1049 3457 et
1072 3403 1158 3458 anteo
1181 3405 1211 3458 et
1233 3413 1300 3457 oxa·

66 3493 69 3499 “
175 3487 251 3544 mino
267 3491 398 3559 rigoroso
419 3485 524 3545 studiis
547 3485 619 3543 meis
641 3482 786 3556 faverunt,
810 3500 874 3542 oum
897 3484 1007 3555 Deve,
1029 3483 1152 3556 Hertz,
1175 3483 1299 3556 Lippa,

75 3608 80 3615 -
175 3571 340 3645 Partsch,
358 3588 423 3629 von
438 3571 499 3630 der
512 3571 624 3643 Ropp,
640 3569 843 3641 Weinhold,
859 3569 1142 3642 tumBaeumker,
1159 3571 1209 3642 qui
1225 3569 1300 3628 hanc

175 3660 444 3716 commentationem
466 3657 590 3731 benigne
612 3657 769 3728 recensuit,
793 3656 954 3729 singulares
976 3657 1086 3729 gratias
1108 3656 1283 3727 persolvam.

598 3914 889 3938 m*-
