3228 4972
464 1675 467 1680 ,
522 1579 1000 1683 ruuuuuuunm.
1065 1684 1066 1714 ,
1189 1579 1190 1588 1

282 1919 417 1986 Zenonis
441 1920 588 1985 Citiensis
616 1921 656 1986 de
680 1921 776 1985 rebus
800 1920 940 2004 physicis
963 1921 1141 1986 doctrinam
1163 1941 1233 1986 cum
1259 1923 1319 1986 He·

195 2047 329 2129 mingius
358 2048 501 2114 Forellus
531 2048 689 2132 (Upsalae
720 2051 834 2129 1700),
864 2049 901 2114 G.
931 2049 966 2114 F.
990 2049 1144 2115 Jenichen
1172 2049 1318 2132 (Lipsiae

198 2179 293 2258 1724)
327 2177 414 2241 brevi
444 2182 568 2240 tantum
599 2176 927 2259 comprehendissent,
955 2176 1136 2258 diligentius
1167 2175 1201 2239 P.
1226 2176 1318 2260 Wey-

193 2304 284 2384 goldt
308 2305 428 2387 (aZeno
452 2326 512 2369 von
529 2304 643 2369 Citium
667 2306 732 2369 und
756 2306 841 2369 seine
868 2305 998 2383 neure«,
1023 2307 1104 2372 dena
1131 2307 1230 2383 1872,Ἰ
1248 2305 1317 2376 Dis·

193 2432 362 2516 sentation)
393 2443 425 2498 et
453 2433 513 2497 Ed.
537 2433 714 2498 Wellmauu
740 2434 833 2514 (»Die
856 2432 1058 2516 Philosophie
1090 2433 1147 2498 des
1170 2432 1313 2498 Stoikers

193 2561 331 2640 Zenon«,
355 2561 494 2627 Rostock
521 2563 611 2639 1873,
637 2562 847 2627 Dissertatiou
870 2583 901 2626 u.
925 2562 1036 2627 Jahrb.
1062 2563 1113 2626 fiir
1137 2560 1311 2644 Philologie

196 2690 284 2754 1873.
308 2710 339 2773 p.
358 2692 540 2773 433-490)
565 2690 757 2756 adumbrare
773 2690 972 2755 studuerunt.
1009 2691 1093 2766 Quos
1111 2689 1211 2756 multa
1236 2691 1314 2756 omi·

191 2818 269 2882 sisse
299 2817 384 2881 haud
413 2819 460 2882 ita
488 2818 588 2883 multo
611 2823 685 2901 post
708 2817 741 2882 Ο.
766 2818 972 2882 Wachsmuth
995 2824 1164 2883 comment.
1189 2817 1204 2880 Ι
1227 2823 1259 2882 et
1282 2818 1313 2882 11

191 2946 230 3010 de
254 2946 380 3010 Zenone
401 2947 530 3012 Citieusi
554 2952 587 3011 et
609 2947 762 3012 Cleanthe
786 2949 887 3027 Assio,
912 2947 1085 3031 Gottingae
1105 2949 1186 3012 1874
1209 2953 1312 3013 osten-

193 3073 251 3137 dit.
283 3073 378 3138 Guius
409 3074 587 3156 fragmenta
619 3075 732 3140 deinde
756 3075 935 3142 Weilmann
966 3078 999 3140 in
1030 3077 1133 3142 annal.
1158 3076 1310 3142 Fleckeis.

192 3202 283 3265 1877ι
315 3222 344 3284 p.
371 3203 434 3267 800
461 3202 508 3266 ita
537 3203 769 3287 interpretatus
793 3211 858 3284 est,
888 3212 924 3270 ut
946 3206 1257 3287 argumentationem
1280 3227 1310 3270 a.

192 3329 272 3394 1873
295 3329 454 3414 inceptam
485 3331 660 3415 suppleret.
707 3334 781 3416 ipsa
805 3334 939 3399 Zenonis
969 3333 1150 3417 fragmenta
1172 3334 1246 3398 inde
1269 3334 1310 3398 ab

105 3457 110 3468 '
188 3454 243 3520 illo
266 3462 410 3541 ternpore
433 3479 536 3542 neque
558 3466 655 3524 aucta
677 3481 780 3544 neque
803 3461 906 3527 denuo
929 3469 1071 3536 tractata
1091 3469 1178 3546 suut.
1222 3462 1311 3547 Haeo

187 3604 261 3649 vero
292 3605 391 3666 opera
413 3587 459 3651 rei
482 3607 578 3652 novos
601 3593 796 3671 aperuerunt
818 3589 932 3655 fontes.
978 3591 1153 3656 Hermanui
1169 3589 1308 3668 ¹Dielesii

94 3737 96 3742 ·
190 3714 243 3796 qui
270 3713 495 3798 »Doxographi
518 3715 651 3780 Graeci«
683 3717 856 3801 inscriptus
887 3725 936 3783 est
964 3719 1044 3784 liber
1077 3739 1136 3802 pro
1163 3716 1309 3796 illustris·

187 3842 275 3906 simis
291 3843 356 3906 suis
373 3844 494 3908 meritis
511 3846 588 3909 satis
604 3852 652 3909 est
672 3845 884 3929 pervulgatus.
925 3847 1055 3912 Stobaei
1071 3845 1307 3938 eclogas-breui

187 3977 261 4054 post
278 3970 312 4036 O.
330 3971 539 4036 Wachsmuth
556 3974 713 4038 recensuit
735 3980 767 4038 et
790 3994 861 4039 cum
884 3980 1044 4056 apparatu
1067 3974 1178 4038 critico
1200 3974 1306 4055 magui

189 4097 283 4180 pretii
307 4097 409 4162 edidit
431 4097 536 4164 Berol.
563 4102 654 4166 1884.
700 4101 797 4166 Cuius
820 4102 878 4166 viri
900 4101 1072 4168 doctissimi
1095 4123 1112 4167 e
1136 4102 1306 4203 seminario

184 4226 377 4309 philologioo
396 4227 659 4311 Heidelbergensi
681 4231 805 4294 interea
827 4229 1013 4313 prodierunt
1027 4252 1055 4294 a.
1077 4212 1304 4318 1883111885
