3228 4972
674 652 889 714 ..19-

302 837 331 900 3.
355 836 459 919 Atque
488 833 570 916 ignis
602 793 730 917 quidem
761 836 950 901 artificiosus
981 841 1031 902 est
1061 837 1145 921 (πῦρ
1177 840 1341 925 τεχνικόν),

216 959 407 1006 conservans
437 944 533 1022 atque
556 958 692 1023 augens,
725 938 779 1021 qni
802 943 850 1004 est
871 939 961 1024 φύσις
983 939 1034 1003 καὶ
1057 941 1149 1028 φοχή.
1197 939 1268 1023 (Νο.
1287 941 1339 1006 23.

217 1045 267 1107 24.
291 1043 341 1106 31.
360 1044 431 1128 ⁸32.)

372 1283 474 1347 tiebat
494 1285 550 1366 (ee.
572 1282 686 1364 Zeno),
709 1282 856 1365 primum,
880 1289 916 1346 ut
941 1287 1092 1365 quattuor
1111 1283 1209 1347 initiis
1231 1304 1339 1350 rerum

369 1385 430 1448 illis
447 1386 619 1468 quintam
636 1384 719 1449 hune
733 1390 924 1464 naturam,
943 1405 983 1449 ex
998 1405 1062 1469 que
1078 1385 1258 1467 superiores
1270 1407 1341 1452 sen·

371 1507 423 1552 sus
439 1491 472 1552 et
487 1490 623 1551 mentem
642 1485 725 1551 effici
741 1488 903 1566 rebantur,
927 1507 998 1552 non
1014 1487 1222 1553 adhiberet.
1262 1489 1340 1554 Sta-

368 1589 504 1655 tuebut
523 1590 619 1653 enim
638 1589 760 1672 ignem
784 1610 865 1655 esse
887 1590 1008 1674 ipsam
1030 1596 1218 1672 naturum,
1242 1611 1340 1674 quae

369 1691 535 1775 quidque
557 1691 749 1773 gigneret,
773 1698 810 1756 et
832 1698 993 1757 mentem
1017 1698 1134 1775 atque
1157 1711 1297 1757 sensus.

217 1845 275 1910 No.
294 1847 334 1909 23
363 1845 430 1909 Arii
454 1843 524 1908 Did.
547 1842 587 1908 fr.
611 1845 664 1928 ph.
689 1845 731 1910 33
756 1845 850 1927 (Dux.
874 1866 904 1928 p.
922 1848 998 1928 467)
1040 1846 1129 1911 Stob.
1152 1846 1210 1911 eei.
1234 1845 1259 1925 Ι,
1277 1848 1338 1912 538

369 1949 407 2012 H.
432 1949 494 2012 213
518 1947 581 2015 W.:
621 1951 654 2031 α)
677 1949 791 2036 Ζήνων
820 1951 870 2012 τὸν
898 1951 982 2036 ήλιύν
1006 1972 1080 2036 φησι
1102 1952 1151 2013 καὶ
1172 1951 1227 2036 τήν
1250 1950 1338 2036 σελή-

370 2076 422 2139 νην
449 2055 499 2116 καί
528 2058 589 2115 τῶν
617 2051 717 2115 ἄλλων
745 2053 868 2138 ἄστρων
898 2052 1030 2116 ἕκαστον
1058 2051 1134 2117 εἶναι
1158 2052 1267 2138 νοερὸν
1289 2053 1338 2114 καὶ

370 2155 535 2238 φρόνιμον,
565 2154 689 2239 πύρινον
719 2153 803 2239 <δὲ>
826 2157 923 2238 πυρὸς
946 2159 1091 2242 τεχνικοῦ.
1135 2155 1172 2237 β)
1197 2153 1254 2216 δύο
1277 2152 1337 2234 γὰρ

369 2257 441 2342 γένη
465 2257 572 2342 πορύς,
598 2259 632 2320 τὸ
654 2257 711 2339 μὲν
735 2255 864 2345 ἄτεχνον
887 2259 935 2320 καὶ
955 2257 1153 2339 μεταβάλλον
1177 2257 1221 2331 είς
1244 2255 1337 2318 ἑαυτὸ

372 2364 424 2448 τήν
443 2362 573 2446 τροφήν,
597 2360 633 2423 τδ
649 2359 685 2424 δέ
707 2359 841 2447 τεχνικδν
865 2359 1025 2444 αὐξητικόν
1042 2383 1075 2422 τε
1095 2361 1144 2423 καὶ
1166 2357 1336 2445 τηρητικόν,

368 2465 432 2529 οἷον
459 2463 492 2526 ἐν
524 2467 584 2536 τοῖς
616 2467 727 2548 φυτοῖς
755 2460 818 2524 ἐστι
846 2463 895 2524 καί
918 2461 1023 2548 ζῴοις,
1057 2461 1135 2547 δδή
1158 2460 1251 2546 φύσις
1271 2461 1338 2524 ἐστὶ

368 2567 418 2630 καί
443 2567 534 2654 ψυχή.
580 2565 720 2630 τοιούτου
749 2563 788 2650 δή
818 2567 916 2648 πυρὸς
947 2563 1022 2628 εἶναι
1052 2565 1189 2650 τὴντῶν
1213 2563 1336 2647 ἄστρων

368 2669 485 2732 ούσίαν.
530 2671 583 2731 τδν
607 2670 642 2732 δὲ
665 2671 749 2755 ήλιον
771 2670 821 2732 καί
843 2670 897 2755 τήν
921 2670 1053 2754 σελήνην
1075 2666 1132 2732 δύο
1156 2667 1259 2754 φορὰς
1282 2667 1337 2750 φέ-

364 2771 492 2856 ρεσδαι,
515 2773 570 2857 τήν
583 2772 641 2852 ,αὲν
657 2773 714 2835 ὑπὸ
730 2776 785 2835 τοῦ
809 2773 924 2856 κύσρου
948 2770 1003 2835 ἀπ’
1021 2771 1173 2855 ἀνατολῆς
1196 2767 1246 2833 ἐπ’
1263 2768 1335 2832 ἀνα-

367 2876 473 2961 τολήν,
503 2876 556 2960 τήν
579 2874 615 2938 δὲ
638 2873 780 2938 ἐναντίον
803 2879 850 2959 τῷ
873 2875 995 2959 κόσμῳ,
1024 2872 1138 2958 ζῴδιον
1162 2872 1196 2936 ἐκ
1218 2870 1335 2956 ζῳδίοο

367 2976 625 3060 μεταβαίνοντας.
686 2976 740 3051 τὰς
773 2975 805 3040 δ’
835 2975 985 3060 ἐκλείψεις
1019 2975 1136 3039 τούτων
1173 2972 1336 3057 γίγνεσθαι

369 3078 547 3164 διαφόρως,
579 3078 667 3166 ήλίου
688 3079 747 3163 μὲν
771 3081 840 3164 περὶ
864 3079 918 3155 τὰς
941 3079 1107 3156 συνόδους,
1136 3079 1268 3164 σελήνης
1300 3076 1336 3140 δέ

368 3185 437 3267 περὶ
470 3182 525 3258 τὰς
560 3182 777 3269 πανσελήνους.
833 3181 975 3263 γίνεσθαι
1003 3179 1040 3245 δ’
1066 3179 1117 3244 ἐπ’
1143 3179 1334 3266 ἀμφοτέρων

368 3285 423 3360 τὰς
445 3285 592 3369 ἐκλείψεις
615 3287 662 3348 καὶ
682 3284 810 3368 μείζους
832 3285 880 3348 καὶ
903 3283 1057 3358 ἐλάττους.

214 3418 274 3485 Νο.
292 3423 342 3484 24.
365 3421 428 3484 Cic.
449 3419 490 3485 de
514 3426 578 3485 net.
603 3419 690 3485 deor.
707 3419 747 3498 11,
771 3422 822 3499 22,
847 3422 897 3485 57.
937 3422 970 3501 α)
986 3419 1071 3484 Zeno
1093 3419 1191 3500 igitur
1212 3419 1260 3485 itu
1282 3439 1336 3484 nu·

367 3529 474 3588 turam
498 3526 552 3607 (=
575 3524 668 3609 φύσις
690 3549 730 3578 =
754 3523 833 3588 deus
857 3523 896 3587 ef.
917 3524 1002 3588 inira
1026 3543 1055 3605 p.
1074 3521 1127 3603 27)
1152 3521 1275 3601 definit,
1299 3526 1336 3586 nt

367 3647 437 3691 eam
459 3626 546 3692 dieat
560 3627 663 3710 ignem
680 3647 749 3690 esse
765 3625 970 3690 artificiosum
989 3624 1031 3688 ad
1046 3624 1238 3706 gignendum
1259 3645 1330 3707 pro·

370 3728 566 3810 gredientem
589 3729 648 3792 vie.
694 3727 809 3792 Censet
828 3727 912 3792 enim
927 3727 1003 3792 artis
1017 3727 1155 3791 maxime
1169 3727 1334 3809 proprium

366 3851 434 3898 esee
457 3852 567 3896 creare
590 3837 623 3895 et
643 3831 786 3912 gignere,
811 3831 958 3913 quodque
980 3829 1012 3893 in
1035 3828 1185 3911 operibus
1208 3832 1333 3894 nostra·

371 3954 442 3999 rum
467 3934 583 3998 artium
608 3952 720 3997 munus
741 3932 867 4009 efficiat,
890 3931 924 3994 id
944 3931 1044 3997 multo
1060 3929 1263 3995 artificiosius
1279 3951 1334 3994 ne·

365 4043 471 4102 turum
499 4035 638 4115 efficere,
668 4034 701 4099 id
729 4041 793 4113 eet,
822 4039 858 4098 ut
880 4033 960 4112 dixi,
989 4034 1094 4114 ignem
1117 4031 1332 4111 artificiosum,

367 4142 553 4222 magistrum
581 4139 699 4202 artium
726 4136 930 4219 reliquarum.
988 4137 1092 4220 Atque
1120 4135 1180 4199 hae
1207 4135 1334 4219 quidem

364 4245 491 4308 ratione
506 4242 608 4308 omnis
624 4249 740 4307 nutura
755 4242 930 4307 artificiose
947 4250 1005 4321 est,
1025 4242 1110 4323 quod
1126 4239 1225 4305 habet
1241 4240 1334 4324 quasi

366 4347 449 4410 viam
462 4345 635 4428 quamdam
648 4352 681 4410 et
693 4350 824 4422 sectam,
841 4365 937 4427 quem
952 4349 1114 4427 sequatur.
1128 4344 1178 4408 58.
1202 4343 1240 4426 β)
1256 4342 1334 4424 Ipsi-

366 4469 403 4512 us
426 4468 500 4513 vero
523 4447 648 4528 mnndi,
672 4449 728 4532 qui
752 4447 859 4514 omnia
881 4446 1048 4531 complexu
1072 4466 1129 4511 suo
1154 4447 1279 4510 coercet
1301 4449 1334 4509 et
