3228 4972
1 856 15 914 Ι

681 648 892 710 -21..

222 849 336 914 spensa
351 830 422 914 (No.
443 832 508 914 30).
547 832 778 897 Tenuissimum
802 833 900 916 igitur
915 854 1043 919 corpus,
1068 855 1162 917 quem
1184 836 1290 918 ignem
1314 839 1346 900 ct

130 944 134 948 ’
224 932 357 997 aethera
384 935 537 1014 nominat,
560 954 629 999 esse
653 935 754 1000 Deum
776 933 861 1001 Zeno
885 935 1089 1019 contendit.¹)

379 1161 456 1204 num
485 1144 518 1204 et
545 1143 667 1205 ceteros
694 1140 839 1205 similiter
865 1140 951 1224 vulgi
979 1139 1056 1206 deos
1090 1141 1247 1207 elementa
1280 1165 1351 1210 esse

383 1243 592 1311 monstrando
615 1242 777 1325 publicum
801 1244 907 1326 arguit
928 1243 1070 1324 graviter
1093 1249 1125 1308 ot
1148 1245 1280 1311 revincit
1300 1267 1349 1311 er-

378 1365 495 1411 rorem.

227 1461 287 1528 No.
305 1465 355 1527 27.
381 1463 443 1527 Cic.
461 1463 552 1528 acad.
577 1463 617 1541 ΙΙ,
641 1467 692 1540 41,
718 1467 793 1530 126:
816 1465 936 1530 Zenoni
956 1471 989 1528 et
1003 1465 1133 1548 reliquis
1148 1465 1214 1531 iere
1231 1467 1348 1533 Stoicis

381 1565 493 1630 aether
516 1566 641 1631 videtur
663 1587 804 1631 summus
828 1568 921 1646 deus,
944 1574 1050 1632 mente
1072 1569 1255 1653 praeditus,
1288 1592 1352 1655 qua

383 1669 489 1732 omnia
504 1674 665 1750 regantur.
704 1667 874 1736 Cleanthes
891 1719 898 1733 .
915 1720 922 1734 .
941 1721 947 1733 .
965 1670 1063 1735 solem
1080 1671 1237 1738 dominari
1252 1677 1284 1738 et
1302 1694 1349 1740 re·

380 1793 450 1836 rum
473 1773 570 1855 potiri
595 1777 697 1854 putat.

229 1911 288 1977 No.
307 1913 357 1976 28.
381 1909 564 1974 Tertullian.
582 1909 653 1974 adv.
671 1910 862 1975 Marcionem
880 1910 903 1989 1,
928 1912 979 1975 13:
997 1959 1004 1974 .
1022 1960 1029 1974 .
1047 1959 1054 1973 .
1079 1910 1169 1975 deos
1191 1931 1352 1993 pronun-

381 2013 581 2076 tiaverunt
600 2014 636 2075 ut
651 2010 766 2076 Thales
782 2032 908 2094 aquam,
933 2019 967 2076 ut
984 2011 1163 2078 Heraclitus
1178 2013 1293 2095 ignem,
1317 2020 1352 2078 ut

390 2114 599 2179 Anaximenes
608 2134 726 2192 aerem,
740 2114 1020 2180 utAnaximander
1032 2116 1179 2180 universa
1191 2114 1351 2196 coelestia,

385 2221 420 2281 ut
433 2216 540 2282 Strato
552 2216 672 2282 caelum
688 2222 720 2282 et
733 2222 863 2295 terram,
879 2222 916 2282 ut
928 2221 1024 2282 Zeno
1040 2237 1165 2282 aerem
1178 2223 1214 2282 et
1226 2218 1352 2283 aethe-

382 2343 472 2399 rem,
499 2327 536 2386 ut
558 2320 649 2386 Plato
678 2321 799 2400 sidera,
828 2320 914 2404 quod
942 2341 1041 2402 genus
1065 2319 1197 2385 deorum
1226 2320 1349 2402 igneum

384 2423 538 2508 appellat.
578 2421 662 2507 (cil)
686 2443 716 2505 p.
734 2424 799 2506 25.)

232 2561 288 2628 No.
306 2563 358 2626 29.
382 2559 520 2626 Achilles
550 2560 619 2624 Tat.
648 2560 725 2642 isag.
756 2561 789 2624 in
825 2561 911 2624 Anat.
936 2563 966 2625 5.
1005 2559 1146 2643 (Petavii
1178 2557 1347 2640 Uranolog.

385 2663 585 2746 Antwerpiae
604 2664 684 2728 1705
701 2683 731 2745 p.
750 2663 819 2745 77):
846 2663 976 2748 »Ζήνων
992 2666 1066 2744 γοῦν
1082 2664 1099 2725 ὁ
1116 2661 1235 2738 Κιτιεὺς
1250 2660 1352 2737 οὕτως

383 2768 476 2830 αὐτὸν
506 2769 575 2847 (τὸν
598 2764 751 2852 οὐρανὸν)
782 2766 936 2852 ὡρίσατο·
975 2765 1127 2850 »οὐρανὸς
1156 2763 1286 2848 αἰθέρος
1315 2766 1350 2827 τὸ

384 2867 524 2958 ἔσχατον.
564 2869 602 2942 ἐξ
622 2867 658 2931 οὗ
681 2870 731 2932 καὶ
753 2868 787 2932 ἐν
810 2867 838 2954 ᾦ
860 2868 926 2932 ἐστι
950 2869 1048 2930 πάντα
1071 2867 1229 2952 ἐμφανῶς.
1266 2888 1351 2950 περι-

385 2971 448 3060 έχει
463 2971 524 3056 γάρ
542 2972 641 3035 πάντα
665 2973 740 3057 πλὴν
763 2971 867 3036 αὑτοῦ.
906 2969 997 3034 οὐδὲν
1013 2970 1073 3056 γὰρ
1096 2970 1189 3032 ἑαυτὸ
1214 2968 1351 3057 περιέχει

384 3073 452 3137 ἀλλ’
478 3073 587 3158 ἑτέρου
610 3073 672 3136 ἐστὶ
694 3073 912 3156 περιεκτικόν.ι
980 3135 981 3140 ,

233 3210 293 3275 Νο.
313 3211 363 3275 30.
388 3209 493 3277 Valer.
509 3208 604 3275 Prob.
627 3209 660 3273 in
678 3208 792 3290 Vergil.
817 3209 914 3290 eclog.
931 3207 984 3286 Vl,
1008 3209 1057 3273 31.
1074 3229 1105 3290 p.
1125 3210 1164 3273 10
1179 3208 1261 3273 Keil:
1282 3228 1353 3274 om·

385 3333 458 3376 nem
474 3310 557 3376 hanc
579 3333 684 3375 rerum
708 3316 844 3376 naturae
860 3311 996 3377 formam
1013 3311 1101 3375 tenui
1116 3317 1148 3376 et
1162 3311 1251 3377 inani
1266 3311 1352 3378 mole

386 3415 575 3499 dispersam,
599 3413 699 3479 refert
744 3412 938 3496 (Vergilius),
961 3413 993 3475 in
1017 3417 1171 3495 quattuor
1193 3413 1352 3478 elementa

386 3523 535 3583 concrete
562 3525 594 3583 et
621 3539 660 3582 ex
688 3517 736 3581 his
764 3516 870 3582 omnia
897 3536 967 3580 esse
995 3513 1138 3597 effigiata
1165 3516 1264 3581 Stoici
1291 3516 1352 3599 (ita

387 3621 485 3686 Stoici
502 3622 581 3686 coni.
599 3620 681 3702 Keil)
700 3620 833 3685 tradunt
848 3619 953 3682 Zenon
971 3617 1091 3683 Citieus
1106 3623 1138 3682 et
1154 3617 1352 3701 Chrysippus

385 3724 518 3790 Solaeus
540 3730 573 3789 et
596 3721 765 3788 Cleanthes
788 3722 927 3786 Assius«
954 3719 1124 3805 (Wachsm.
1149 3719 1186 3784 fr.
1209 3719 1263 3803 ph.
1290 3721 1335 3803 3).

300 3933 322 3998 ¹)
341 3929 414 3984 Voce
434 3930 572 3991 πνεῦμα(
591 3928 724 3981 Zenonem
743 3925 813 3980 hanc
832 3924 948 3980 diuinam
966 3923 1142 3978 substantiam
1159 3923 1352 3992 significavisse

230 4014 303 4069 nullo
326 4013 384 4067 loco
411 4011 540 4076 elicitum
565 4013 645 4068 immo
669 4012 790 4066 omnihus
813 4012 847 4065 ad
871 4027 966 4077 unum,
991 4025 1050 4064 cum
1075 4009 1177 4064 dedeo
1197 4017 1351 4080 uermoest,

232 4099 317 4170 αἰθὴρ
336 4097 378 4152 vel
398 4101 453 4168 πῦρ
474 4104 633 4167 usurpatur,
651 4104 693 4166 at,
712 4113 771 4152 cum
790 4095 881 4150 anima
899 4094 1071 4162 intelligitur,
1094 4098 1201 4161 πνεῦμα
1219 4095 1262 4161 (cf.
1282 4095 1353 4150 infra

231 4199 289 4254 cap.
306 4187 349 4251 10)
368 4183 443 4238 Steiu
462 4183 478 4237 l.
492 4185 508 4238 l.
522 4184 543 4254 1,
556 4200 582 4253 p.
595 4187 629 4238 23
639 4199 677 4252 sq.
697 4182 831 4237 nonnullis
850 4181 915 4236 locis
935 4196 1024 4235 secum
1042 4181 1172 4236 dissentit.
1200 4183 1275 4235 lusto
1293 4181 1352 4236 iure

232 4270 371 4324 materiem
386 4270 503 4338 explicat
515 4286 541 4339 p.
556 4271 589 4326 27
603 4270 675 4338 (adn.
689 4273 747 4330 tlt:
768 4268 883 4323 »waren
896 4267 953 4322 also
966 4283 1016 4322 nur
1028 4267 1104 4324 recht
1122 4267 1254 4336 sparliche
1266 4267 1352 4334 Zeug-

232 4357 303 4410 nisse
322 4355 401 4410 dafhr
420 4355 589 4424 verbanden,
612 4356 675 4409 dass
692 4355 740 4408 das
758 4353 915 4423 Urpneuma
933 4353 981 4408 der
999 4353 1063 4408 Stoa
1081 4352 1140 4408 dem
1159 4353 1247 4409 Feuer
1265 4352 1350 4407 Heru-

231 4441 291 4496 clits
315 4441 532 4509 substanzgleich
557 4443 605 4511 ist,
629 4457 658 4496 so
676 4437 782 4495 fliessen
798 4440 862 4508 jeue
881 4438 994 4506 Quellen
1014 4455 1057 4494 um
1076 4453 1105 4493 so
1123 4435 1291 4506 reichlicher‚
1308 4436 1352 4490 die
