3228 4972
746 561 956 624 ...16-

285 769 427 854 quadam
462 765 693 850 significatione
715 765 827 852 χώραν
855 763 874 826 i.
901 783 928 827 e.
957 763 1075 846 partim
1103 761 1290 845 corporibus
1318 780 1409 827 oceu-

289 876 410 957 ρεταιν,
434 870 551 953 partim
574 869 637 934 illis
659 867 795 934 liberum
819 867 959 951 spatium
983 865 1159 948 appellant.
1190 863 1248 930 No.
1269 867 1317 929 15.

439 1077 489 1142 καὶ
517 1079 579 1138 τῶν
609 1072 710 1137 ἄλλων
740 1072 862 1136 ὁπόσων
885 1072 1025 1154 λέγουσιν
1047 1071 1133 1145 ἰδέας
1156 1069 1242 1134 εἶναι.
1295 1069 1411 1148 Ταύτας

441 1177 476 1241 δὲ
504 1177 532 1239 οἱ
553 1175 684 1240 Στωικοὶ
711 1175 877 1260 φιλόσοφοί
905 1197 1001 1258 φασιν
1024 1174 1240 1259 ἀνοπόμκτοος
1262 1172 1409 1237 εἶναικαὶ

441 1283 504 1342 τῶν
523 1277 581 1362 μὲν
605 1276 803 1364 ἐννοημάτων
824 1275 966 1365 μετέχειν
988 1278 1080 1362 ημᾶς,
1104 1281 1165 1340 τῶν
1189 1276 1225 1338 δὲ
1252 1277 1409 1352 πτώσεων,

441 1381 480 1456 ἃς
502 1381 541 1467 δὴ
564 1379 778 1467 προσηγορίας
799 1380 934 1460 καλοῦσι,
959 1381 1154 1468 romonae).

288 1537 347 1604 No.
366 1539 414 1603 15.
440 1537 525 1603 Attii
539 1536 564 1616 1,
590 1538 638 1616 18,
663 1540 681 1602 5
705 1541 737 1601 et
761 1536 784 1615 Ι,
808 1536 858 1615 20,
885 1539 911 1599 1.
936 1534 1029 1618 (θοι.
1053 1556 1084 1617 p.
1101 1535 1173 1599 316.
1198 1535 1285 1618 317.)
1321 1535 1411 1601 Stob.

442 1641 497 1706 ecl.
531 1643 559 1718 l,
590 1641 651 1706 382
683 1640 720 1704 Η.
755 1641 815 1705 156
838 1637 906 1704 W.:
949 1638 1060 1724 Ζήνων
1091 1639 1138 1701 καὶ
1168 1639 1197 1701 οἳ
1226 1637 1284 1701 ἀπ’
1317 1635 1412 1702 αὐτοῦ

445 1743 532 1819 ἐντὸς
552 1742 610 1828 μὲν
634 1746 686 1805 τοῦ
711 1744 828 1828 κόσμον
849 1740 950 1828 μηδὲν
972 1739 1048 1805 εἶναι
1071 1741 1168 1821 κενόν,
1195 1741 1257 1815 ἔξω
1282 1740 1413 1806 όάότοῦ

443 1845 581 1933 ἅπειμον.
605 1882 646 1894 -
670 1843 836 1932 Διαφέρειν
852 1843 888 1907 δὲ
912 1844 1009 1922 κενόν,
1034 1844 1136 1920 τόπον,
1153 1845 1280 1932 χώραν·
1303 1846 1353 1909 καὶ
1374 1847 1409 1909 τὸ

441 1951 499 2036 μὲν
530 1951 618 2015 τιενὸν
649 1947 724 2012 εἶναι
754 1947 887 2036 ἐμημίαν
915 1949 1075 2032 σώματος,
1104 1949 1157 2011 τὸν
1187 1946 1224 2010 δὲ
1253 1947 1348 2012 τόπον
1379 1950 1413 2012 τὸ

444 2052 630 2141 ἐπεχόμενον
654 2051 713 2114 ὑπό
737 2053 895 2135 σώματος,
920 2049 973 2135 τὴν
996 2049 1032 2112 όέ
1050 2050 1162 2137 χώραν
1185 2048 1220 2112 τό
1242 2049 1277 2112 ἐκ
1296 2050 1415 2134 μέμοος

445 2156 643 2247 ἐπεχόμενον.
689 2155 777 2233 Quae
799 2155 947 2220 Zenonea
977 2156 1136 2220 sententia
1166 2155 1286 2239 optime
1314 2156 1413 2240 expli·

445 2265 537 2326 eatur
567 2259 636 2326 loeo
667 2259 755 2324 Sexti
785 2258 875 2342 Emp.
908 2256 1019 2342 Pyrrh.
1050 2257 1110 2337 ΙΙΙ,
1136 2260 1211 2326 124:
1236 2260 1270 2324 Oi
1293 2260 1419 2324 στωιτοί

447 2387 522 2446 φασι
550 2365 637 2427 κενὸν
660 2363 716 2442 μὲν
739 2360 815 2426 εἶναι
838 2363 872 2424 τὸ
895 2360 960 2425 οἷόν
982 2385 1016 2425 τε
1038 2362 1096 2424 ὑπὸ
1119 2360 1210 2437 όντος
1232 2362 1415 2453 κατέχεσθαι

445 2467 488 2554 μη
504 2467 710 2554 κατεχόμενον
726 2464 772 2542 δὲ,
796 2463 815 2551 ἢ
831 2465 984 2550 διάστημα
1000 2463 1116 2551 ἔρημον
1139 2466 1294 2549 σώματος,
1317 2465 1336 2553 ἢ
1352 2468 1417 2530 διά-

449 2592 549 2655 στημα
565 2567 834 2651 ἀκαόεκτοόμενον
849 2567 907 2631 ὑπὸ
924 2569 1080 2652 σώματος,
1105 2569 1197 2633 τόπον
1213 2569 1248 2632 δὲ
1265 2571 1416 2658 διάστημα

449 2673 507 2736 ὑπὸ
536 2670 626 2748 όντος
651 2671 856 2758 κατεχόμενον
879 2671 928 2734 καὶ
950 2668 1170 2756 ἐξισαζόμενον
1192 2674 1240 2758 τῷ
1261 2678 1418 2763 κατέχοντι

451 2775 554 2851 αὐτὸν,
578 2778 629 2837 νῦν
650 2773 684 2838 όν
706 2771 872 2849 καλοῦντες
895 2773 931 2837 τό
954 2778 1056 2858 σῶμα,
1074 2777 1186 2863 χώραν
1209 2774 1245 2838 δὲ
1267 2777 1419 2866 διάστημα

450 2879 527 2943 κατὰ
558 2877 617 2964 μέν
645 2900 672 2941 τι
705 2878 912 2966 κατεχόμενον
946 2879 1005 2941 ὑπὸ
1040 2882 1188 2964 σώματος
1220 2881 1297 2945 κατὰ
1328 2880 1365 2945 δέ
1394 2905 1419 2945 τι

451 2978 730 3065 ἀιαόεκτοόμενον,
753 2979 843 3044 ἐνίων
854 2982 967 3069 χώραν
991 2982 1139 3046 εἰπόντων
1162 2983 1239 3048 εἶναι
1260 2987 1311 3049 τὸν
1327 2986 1420 3049 τόπον

451 3083 505 3150 τοῦ
532 3086 671 3170 μεγάλαν
698 3086 860 3168 σώματος,
892 3087 937 3160 ὡς
965 3085 998 3148 έν
1025 3086 1155 3170 μεγέθει
1182 3088 1235 3175 την
1263 3089 1420 3175 διαφορὰν

452 3187 529 3253 εἶναι
553 3191 605 3252 τοῦ
629 3210 662 3251 τε
684 3187 781 3251 τόπου
805 3189 854 3251 καὶ
877 3193 931 3275 της
947 3189 1106 3276 χώμαςέ).

298 3337 503 3349 -ι--ιι-

368 3414 390 3477 1)
408 3411 504 3480 Itaque
523 3410 611 3465 Zellar
629 3410 646 3464 l.
664 3409 680 3464 Ι.
700 3426 726 3480 p.
739 3411 773 3466 79
791 3409 852 3464 adu.
865 3413 895 3480 2,
919 3410 1095 3465 Waohsmuth
1120 3409 1193 3465 Stob.
1212 3412 1261 3466 ool.
1281 3413 1301 3466 1.
1318 3417 1363 3469 137
1383 3413 1424 3467 in-

300 3499 370 3552 iuria
394 3497 458 3551 mihi
484 3497 511 3551 in
536 3496 636 3550 ultimis
654 3495 705 3552 No.
721 3499 751 3550 14
773 3496 863 3550 verbis
885 3494 1020 3550 offendere
1045 3495 1176 3551 videntur.
1213 3498 1296 3552 Immo
1322 3498 1422 3567 optime

303 3583 376 3638 Diels
400 3599 425 3650 p.
444 3583 495 3638 472
520 3582 645 3635 adnotat:
670 3581 825 3649 »intellegoz
849 3581 962 3636 notitiae
988 3582 1033 3652 (of.
1053 3581 1106 3637 Oia.
1126 3582 1158 3638 de
1176 3581 1221 3637 fin.
1240 3583 1294 3650 ΙΙΙ,
1314 3587 1358 3648 10,
1378 3588 1422 3652 33)

305 3683 397 3723 rerum
423 3669 521 3723 rationi
544 3673 652 3722 nostrae
674 3667 773 3721 insitae
797 3672 871 3736 suut,
894 3668 1000 3722 uomina
1023 3668 1133 3722 fortuito
1152 3669 1304 3724 obveniunt.
1339 3671 1423 3726 Paulo

303 3755 381 3809 aliter
399 3753 505 3823 Prantl‚
530 3752 626 3808 Gesoh,
654 3749 702 3806 der
719 3751 808 3819 Logik
826 3753 852 3820 1,
870 3754 975 3806 witti«
1012 3756 1050 3807 At
1073 3754 1274 3822 praeposuerim
1291 3771 1341 3824 pro
1359 3773 1424 3813 τοτε

305 3841 457 3895 »uomina«
478 3854 553 3893 ›res‹
568 3837 690 3906 singulae
702 3837 779 3892 uobis
793 3837 903 3892 fortuito
917 3838 1068 3893 obveniunt.
1101 3839 1333 3895 Waohsuuuthium
1351 3841 1424 3897 haud

304 3925 374 3979 iuste
397 3923 557 3992 Schmidtio‚
583 3923 663 3978 Staio.
688 3939 797 3992 gramm.
815 3939 841 3990 p.
853 3915 959 3992 ‘23eqq.
983 3923 1060 3978 fisum
1079 3925 1191 3981 Dieleeii
1208 3926 1422 3997 explicationem,

305 4015 335 4065 ut
353 4025 413 4064 oum
431 4007 513 4063 Stoio.
532 4007 564 4061 de
583 4008 680 4063 nomin.
700 4008 823 4063 doctriua
841 4015 1012 4077 pugnantem,
1030 4011 1155 4065 reiecisse
1174 4027 1256 4081 aupra
1274 4012 1367 4069 videor
1384 4028 1425 4069 sa·

305 4096 340 4152 tia
357 4093 512 4152 ostendisse.

375 4197 396 4270 ²)
417 4197 543 4264 Magnam
560 4196 605 4251 hio
622 4195 697 4250 looua
715 4193 834 4248 continet
852 4197 1064 4263 repugnantiam,
1084 4211 1144 4250 oum
1163 4204 1190 4252 at
1207 4200 1280 4255 dieat
1298 4201 1379 4270 Zeno,
1397 4200 1425 4256 in

307 4285 404 4340 mundo
429 4282 496 4336 nihil
519 4280 595 4337 vacui
615 4294 685 4348 ease,
708 4284 736 4333 et
751 4278 861 4352 χώραν,
879 4280 979 4349 quippe
997 4297 1066 4350 quaa
1085 4282 1121 4337 eit
1138 4283 1166 4338 iu
1185 4284 1296 4352 mundo,
1315 4302 1330 4340 a
1348 4292 1426 4356 parte

308 4385 365 4427 eesa
384 4383 503 4425 vacuam.
