3228 4972
657 679 843 740 ..9-

279 866 394 946 Itaque
416 865 575 947 posterius
599 864 765 946 quoddam
788 865 986 930 substratum
1013 870 1071 942 esi,
1095 863 1180 948 quod
1203 862 1313 928 subest

196 968 293 1032 rebus
316 965 525 1049 qualitatibus
549 967 714 1045 distinctis,
739 968 833 1032 veluti
855 968 984 1046 ferrum,
1008 986 1074 1045 ass,
1098 985 1210 1031 surum
1228 985 1313 1030 eom-

195 1071 299 1135 munis
322 1069 458 1133 meleriu
481 1072 555 1133 suut
577 1067 703 1133 illarum
726 1090 848 1148 rerum,
877 1089 960 1152 quae
988 1089 1028 1134 ex
1057 1068 1106 1132 his
1129 1066 1312 1144 febrefiunl‚

196 1171 441 1255 angustioreque
469 1171 498 1234 vi
527 1171 582 1257 ὕλη
610 1172 794 1236 nominatur
816 1170 890 1252 (No.
908 1174 960 1253 57.
978 1173 1022 1252 7.)
1067 1172 1109 1235 At
1136 1189 1220 1252 quae
1248 1189 1314 1232 om-

195 1273 289 1338 nibus
311 1272 408 1338 rebus
423 1273 533 1336 subest
546 1273 684 1338 materia
699 1274 765 1338 sine
782 1272 847 1338 ulla
863 1274 966 1338 forms
989 1292 1027 1338 ee
1042 1273 1148 1355 specie
1162 1272 1314 1355 priusque

193 1374 387 1457 intellegitur
406 1374 613 1452 substratum,
634 1376 748 1442 latiore
771 1377 800 1440 vi
824 1376 879 1463 ὕλη
903 1381 936 1440 el
958 1379 1066 1462 πρώτη
1091 1375 1147 1462 ὕλη
1170 1379 1203 1440 et
1225 1375 1312 1439 odola

192 1482 327 1543 vocatur
350 1475 420 1560 (No.
441 1481 489 1542 la.
508 1481 536 1544 5.
556 1480 584 1543 6.
602 1482 677 1563 7.)¹)

276 1579 305 1644 b.
337 1579 374 1643 lh
399 1584 504 1643 ττιιιαῦν
520 1588 568 1645 est
584 1583 601 1644 ὁ
617 1582 649 1644 ἐν
673 1586 710 1668 τῇ
734 1582 789 1669 ὕλη
813 1584 905 1664 λόγος
928 1583 1000 1666 (Νο.
1020 1586 1091 1667 lp.)
1112 1582 1177 1648 sive
1200 1585 1217 1645 ὁ
1241 1579 1316 1658 θεός

192 1683 269 1766 (No.
296 1688 348 1766 1η.
373 1686 401 1748 2.
426 1685 456 1750 8.
480 1686 509 1751 3.
533 1688 609 1751 4.9.
630 1687 692 1767 10.)
719 1687 784 1750 sive
806 1687 842 1750 τι)
865 1691 919 1750 ταῦ
944 1692 1039 1750 ποιεῖν
1062 1685 1157 1750 αἴτιον
1179 1681 1253 1770 (No.
1271 1683 1314 1768 2).

217 1855 277 1921 Νο.
296 1859 325 1920 6.
354 1856 420 1920 Arii
443 1855 516 1921 Did.
540 1858 616 1941 epil.
650 1857 688 1921 fr.
712 1857 802 1941 phys.
828 1859 878 1924 20.
911 1860 1005 1942 (Dox.
1027 1860 1115 1939 457.)
1144 1857 1232 1922 stob.
1256 1857 1313 1921 sel.

346 1980 377 2043 p.
402 1961 465 2024 322
490 1959 630 2037 Hessos,
662 1962 720 2024 132
744 1959 966 2028 Waohsmulh:
999 1961 1155 2047 Ζήνωνος.
1202 1963 1235 2041 α)
1261 1959 1316 2022 Od-

347 2065 416 2126 σὶαν
444 2064 480 2127 δὲ
511 2063 586 2128 εἶναι
617 2066 671 2151 τὴν
700 2069 762 2127 τῶν
792 2065 889 2128 ὄντων
925 2067 1049 2129 πάντων
1077 2065 1202 2149 πρώτην
1232 2061 1315 2148 ὕλην,

347 2168 458 2254 ταύτην
479 2168 515 2232 δὲ
531 2173 633 2232 πᾶσαν
656 2167 753 2232 ἀΐδιον
776 2169 825 2231 καὶ
847 2165 919 2230 οὔτε
944 2167 1037 2232 πλείω
1060 2165 1220 2252 γινομένην
1244 2163 1316 2228 οὔτε

346 2269 475 2336 ἐλάττων.
521 2271 557 2355 β)
581 2271 618 2333 τὰ
648 2271 684 2334 δὲ
705 2271 788 2356 μέμη
810 2269 925 2359 ταύτης
949 2269 1003 2333 οὐκ
1026 2269 1074 2332 ἀεὶ
1097 2267 1191 2332 ταύτὰ
1213 2266 1317 2350 διαμέ-

349 2396 423 2451 νειν,
452 2374 530 2436 ἀλλὰ
556 2373 742 2456 διαιρεῖσθαι
770 2375 818 2436 ιιιιὶ
841 2372 1030 2461 συγχεῖσθαι.
1076 2374 1107 2456 γ)
1130 2370 1182 2434 διὰ
1203 2370 1318 2454 ταύτης

349 2477 383 2537 di
406 2475 528 2540 διαθεῖν
553 2478 601 2538 τὸν
625 2475 679 2539 τοῦ
703 2479 818 2568 παντὸς
841 2478 945 2558 λόγον,
974 2476 1009 2539 ὃν
1032 2473 1105 2539 ἔνιαι
1129 2474 1316 2561 εἱμαρμένην

348 2581 497 2656 καλοῦσιν,
522 2580 585 2642 uide
610 2602 669 2662 πεμ
692 2581 741 2643 καὶ
764 2577 796 2642 ἐν
820 2582 857 2665 τῇ
879 2583 955 2665 γονῇ
978 2581 1011 2642 τὸ
1038 2578 1173 2662 στέμμα.

218 2692 278 2756 Νο.
298 2695 325 2756 7.
357 2689 537 2755 chalcidius
570 2691 601 2754 iu
633 2689 714 2753 Plet.
750 2689 912 2753 Timaeum
947 2689 996 2752 ed.
1029 2687 1159 2754 Wrobel
1189 2708 1215 2753 u.
1239 2689 1315 2752 29οι

350 2791 498 2874 Plerique
520 2797 627 2855 lamen
651 2791 761 2854 silvam
785 2795 938 2874 separant
954 2789 995 2854 ab
1012 2791 1158 2870 essentis,
1181 2795 1217 2854 ut
1232 2789 1316 2853 Zeno

350 2900 382 2962 et
405 2892 611 2978 Chrysippus.
657 2893 774 2958 Silvam
807 2894 927 2977 quippe
951 2893 1061 2958 dieunt
1084 2913 1154 2958 esse
1176 2893 1209 2959 id
1232 2894 1316 2977 quod

349 2999 457 3062 subesl
484 2997 533 3062 his
562 2997 709 3062 omuibus
738 3019 819 3082 quse
847 2997 967 3063 habent
994 2997 1183 3080 qualitates,
1214 3015 1316 3060 essen·

348 3103 427 3166 liam
455 3121 530 3164 vero
557 3103 692 3183 primam
722 3122 828 3166 rerum
858 3101 998 3167 omnium
1028 3099 1139 3166 silvam
1163 3098 1212 3165 vel
1238 3097 1318 3164 anti-

351 3204 536 3286 quissimum
561 3203 803 3269 fundamentum
829 3225 948 3280 earum,
973 3209 1087 3287 sueple
1110 3208 1227 3268 natura
1250 3201 1317 3266 siue

350 3306 436 3372 vultu
459 3313 491 3370 el
513 3304 662 3372 informe:
688 3311 723 3370 ut
744 3314 824 3391 pute
847 3328 911 3385 aes,
936 3328 1058 3386 aurum,
1081 3305 1201 3371 ferrum
1222 3311 1318 3369 stee-

349 3415 420 3475 tera
443 3409 535 3473 huius
559 3408 644 3474 modi
668 3409 747 3472 silva
770 3415 819 3474 est
842 3431 961 3488 eurum,
985 3430 1066 3493 quae
1090 3430 1129 3473 ex
1150 3407 1251 3472 isdem
1273 3405 1319 3470 f-

352 3512 499 3590 brefiuut‚
531 3533 593 3576 non
624 3518 732 3576 tamen
762 3513 910 3576 essentia.
957 3512 999 3574 At
1030 3530 1103 3574 vero
1135 3509 1221 3592 quod
1251 3513 1318 3572 tam

350 3614 399 3680 his
422 3635 517 3697 quam
541 3615 655 3679 ceteris
679 3621 712 3678 ut
736 3615 799 3678 siut
821 3634 919 3679 eausa
942 3620 1004 3694 est,
1027 3614 1131 3696 ipsum
1156 3633 1224 3677 esse
1247 3609 1319 3674 sub-

349 3719 510 3782 stantiam.

217 3829 275 3894 No.
294 3830 322 3893 8.
352 3828 540 3898 Theodorei.
563 3829 618 3894 Gr.
643 3829 695 3894 aff.
720 3849 784 3894 eur.
808 3828 862 3898 lv,
889 3833 940 3895 12:
966 3829 1079 3917 7ηνων
1101 3829 1137 3893 δὲ
1160 3829 1177 3892 ὁ
1200 3827 1320 3920 Κιτιεὺς

351 3933 368 3994 ὁ
391 3932 547 3996 Μνασιιίου
570 3931 695 4020 [eodem
719 3953 828 3999 errore
851 3953 889 3997 ec
911 3931 1082 4019 Slobeeus]
1116 3933 1133 3994 ὁ
1157 3932 1326 4018 Κράτητος·

351 4035 500 4120 φαιτητὴς
528 4036 545 4098 ὁ
575 4039 632 4120 τῆς
661 4033 801 4121 Στωικῆς
831 4034 932 4118 ἄρξας
962 4035 1130 4120 αἱρέσεως,
1161 4037 1213 4098 τὸν
1245 4034 1319 4098 θεὸν

350 4138 399 4200 καὶ
419 4140 472 4225 τὴν
496 4137 568 4224 ὕλην
592 4138 691 4226 ἀρχὰς
715 4135 832 4225 ἔφησεν
855 4137 940 4201 εἶναι.
966 4137 1060 4222 (Dux.
1085 4158 1116 4219 p.
1141 4138 1227 4220 289.)

268 4308 289 4372 ¹)
308 4305 385 4373 Quod
398 4306 540 4362 discrimen
552 4307 624 4361 Zeno
638 4306 671 4360 de
684 4308 838 4362 Aristotelis
851 4307 992 4375 discipline
1008 4307 1058 4359 sibi
1077 4306 1184 4362 videtur
1202 4321 1320 4375 assump-

198 4391 272 4445 sisse.
310 4393 355 4455 (ef.
379 4392 546 4454 Bueumlier,
576 4390 623 4446 dus
650 4392 772 4447 Problem
797 4392 845 4449 der
868 4393 984 4450 Materia
1007 4395 1034 4445 in
1058 4392 1106 4447 der
1130 4390 1230 4462 grisoli.
1250 4390 1319 4449 Phil.

199 4478 322 4538 Mhnstsr
342 4481 409 4537 1890
426 4494 452 4554 p.
465 4482 534 4549 241).
