3228 4972
778 575 987 636 „19-

408 758 496 826 Nihil
510 760 607 842 igitur
622 779 756 844 corpore
771 764 860 826 caret
882 759 944 824 uisi
960 780 998 825 es
1018 759 1116 838 notio,
1140 781 1222 844 quae
1244 761 1315 828 sole
1338 768 1444 828 mente

321 863 442 947 percipi
462 867 571 947 potest
591 869 623 928 et
640 869 789 930 sevocata
805 869 854 929 eet
869 881 890 928 e
904 863 1059 928 sensibus.
1105 863 1229 948 Corpus
1247 870 1296 928 est
1318 888 1442 951 σωφρο-

322 965 412 1052 σύνη,
439 969 528 1030 ceret
555 985 689 1049 corpore
712 970 902 1051 ompposciv3
931 984 1048 1049 corpus
1075 968 1125 1030 est
1145 967 1245 1055 ψυχή,
1273 972 1363 1032 caret
1389 968 1443 1052 ζῆν

322 1087 474 1152 corpore,
501 1087 617 1151 corpus
644 1068 810 1156 φρόνησις,
838 1067 905 1132 siue
930 1061 1064 1150 corpere
1091 1073 1230 1152 φρονεῖν.
1283 1066 1357 1153 (Νο.
1381 1071 1442 1152 ΙΙ).

324 1169 410 1254 Ergo
433 1189 582 1254 quaeque
604 1169 698 1249 ectio,
721 1189 792 1235 cum
808 1169 896 1236 verbi
912 1171 962 1254 (ut
976 1169 1175 1253 grammatici
1198 1170 1321 1250 dicunt)
1342 1169 1445 1235 forme

322 1270 535 1356 significetur,
557 1281 607 1338 est
621 1273 820 1355 incorporee,
844 1275 880 1336 ut
901 1277 977 1356 pote
992 1292 1076 1357 quse
1097 1273 1140 1338 sit
1161 1273 1295 1340 effectus
1312 1271 1444 1359 (συμβε-

479 1461 641 1549 φροούνην
669 1462 785 1544 γίνεται
816 1465 849 1526 τὸ
879 1467 1066 1548 σωφρονεῖν.
1113 1462 1265 1527 ἀδύνατον
1287 1462 1348 1548 γὰρ
1372 1459 1447 1525 εἶναι

475 1564 686 1650 σωφροσύνης
714 1564 786 1650 περί
813 1588 877 1629 τινα
905 1563 999 1653 οὔσης
1020 1567 1063 1653 μὴ
1086 1568 1277 1651 σωφρονεῖν,
1306 1563 1446 1654 ἢφοχῆς

473 1669 517 1756 μὴ
540 1670 604 1754 ζῆν,
628 1667 647 1754 ἢ
670 1670 858 1756 φρονήσεως
879 1669 922 1754 μὴ
945 1675 1084 1753 φρονεῖν.

323 1773 381 1838 Νο.
402 1773 449 1836 12.
478 1771 705 1852 discredi,
734 1775 780 1850 11,
804 1772 860 1838 39:
890 1772 1104 1856 Discrepsbet
1133 1772 1191 1855 (ec.
1220 1771 1319 1853 Zeno)
1349 1772 1444 1837 etiem

480 1875 522 1942 eb
543 1873 656 1940 iisdem
681 1877 736 1957 (sc.
761 1873 1002 1958 superioribus),
1026 1873 1111 1957 quod
1134 1873 1221 1939 nulio
1242 1873 1339 1940 modo
1363 1873 1446 1940 erbi-

477 1978 627 2044 trabatur
656 1977 832 2061 quidquam
863 1976 945 2043 effiei
975 1998 1069 2061 posse
1099 1977 1141 2042 eb
1164 1997 1204 2042 ee
1226 1979 1284 2062 (sc.
1308 1983 1447 2060 nature),

480 2099 563 2164 quse
587 2099 702 2162 expers
725 2084 810 2145 esset
831 2080 983 2164 corporis,
1006 2081 1095 2145 cuius
1113 2079 1239 2162 generis
1253 2082 1447 2147 Xenocrates

481 2187 514 2246 et
536 2182 717 2265 superiores
741 2183 835 2246 etiam
860 2184 999 2248 animum
1024 2203 1093 2248 esse
1116 2182 1272 2261 dixerant,
1296 2204 1354 2248 nec
1373 2204 1447 2250 vero

477 2291 535 2351 eut
550 2283 635 2368 quod
651 2282 791 2350 efficeret
806 2283 929 2368 aliquid
948 2292 1005 2350 eut
1019 2284 1106 2369 quod
1122 2285 1304 2351 efficeretur
1312 2287 1336 2370 ¹)
1354 2307 1448 2370 posse

477 2408 544 2454 esee
566 2406 628 2452 non
651 2407 776 2470 corpus.

394 2579 418 2642 ¹)
435 2575 525 2630 Ritter
542 2574 605 2630 hist.
623 2573 690 2642 phil.
711 2572 895 2629 Hsmb.1831.
922 2574 972 2637 ΙΙΙ,
991 2590 1017 2641 p.
1031 2578 1083 2629 664
1101 2574 1209 2642 scripsit
1228 2572 1271 2628 »in
1290 2588 1343 2641 que
1362 2571 1448 2627 efiice-

323 2666 413 2714 retur‹
427 2660 526 2716 additis
537 2660 626 2714 verbis
645 2658 743 2715 »Nieht
760 2658 816 2727 des,
835 2675 888 2713 wes
906 2659 1020 2714 bewirirt
1037 2658 1111 2728 vird,
1129 2659 1246 2713 eundern
1262 2656 1320 2721 dss,
1338 2659 1367 2712 iu
1386 2658 1446 2712 wel·

324 2745 400 2801 chem
418 2753 501 2802 etwee
518 2745 631 2801 bewirkt
649 2743 722 2813 wird,
741 2743 777 2798 iet
796 2746 839 2798 eiu
852 2743 985 2814 Ktrpem
1013 2744 1260 2813 Comprobeverunt
1271 2743 1371 2797 Ritteri
1389 2758 1446 2798 cor·

323 2839 458 2888 recturum
475 2833 564 2888 Zeiler
582 2832 629 2888 ΙΙ.
647 2835 704 2890 111³
722 2850 749 2903 p.
766 2835 820 2889 117.
852 2832 1026 2899 81616111,
1048 2835 1086 2886 16.
1117 2830 1207 2885 Nihilo
1226 2831 1313 2884 miuus
1333 2845 1392 2885 eum
1410 2831 1448 2884 iu·

323 2919 383 2976 dico
401 2919 572 2977 reiciendum.
608 2921 697 2984 Petet,
716 2920 871 2974 Ciceronem
891 2917 1079 2985 diceremus,
1100 2931 1198 2984 cerpus
1217 2930 1275 2970 esse
1294 2922 1322 2970 et
1340 2930 1448 2971 ceurem

323 3009 366 3076 (τὸ
389 3010 496 3075 ποιοῦν)
520 3015 547 3062 et
566 3009 705 3064 materiam
725 3006 769 3072 (τὸ
788 3007 905 3076 πάσχον,
924 3005 956 3058 τὸ
976 3004 1139 3066 ποιούμενον
1163 3003 1222 3072 [No.
1237 3002 1286 3073 3]).
1324 3003 1449 3057 Forsitan

323 3093 416 3150 Cicero
440 3111 536 3166 perum
559 3101 685 3152 eccurrte
711 3093 793 3148 verbe
811 3093 916 3164 fecerit.
941 3091 979 3146 its
996 3095 1026 3141 ut
1045 3089 1069 3143 ei
1087 3089 1114 3141 iu
1132 3089 1220 3142 suime
1239 3088 1322 3142 fuerit
1345 3086 1451 3141 dicere:

324 3183 395 3254 quod
414 3181 533 3254 fingitur,
553 3183 714 3238 corz-ersis„
737 3183 764 3232 m
785 3192 905 3232 sormem.
934 3178 967 3230 ci.
985 3176 1045 3228 Seu.
1065 3189 1106 3242 ep.
1122 3177 1179 3237 106,
1197 3178 1225 3228 4:
1250 3173 1343 3242 »Quod
1363 3171 1405 3243 [iit
1423 3179 1451 3225 et

324 3261 409 3344 qudd]
428 3252 501 3326 indii*
511 3282 608 3337 corpus
627 3273 693 3324 est«
724 3264 795 3319 Astii
808 3264 844 3334 pi.
856 3263 903 3332 IV,
921 3266 963 3329 20,
982 3260 1090 3328 2iD0x.
1103 3264 1178 3325 410):
1198 3261 1249 3312 πᾶν
1261 3260 1316 3328 γὰρ
1333 3259 1365 3313 τὸ
1378 3259 1450 3325 δρώ-

323 3375 408 3428 μενον
427 3359 445 3430 ἢ
462 3357 507 3412 nai
524 3358 619 3410 ποιοῦν
639 3355 729 3416 σῶμα.
768 3351 848 3420 [Sene
872 3349 894 3402 si
918 3353 1070 3416 spectemus
1089 3359 1159 3414 quse
1177 3351 1329 3413 sequuntur
1346 3349 1450 3412 (prote-

325 3450 378 3504 ein:
402 3446 434 3499 τὸ
453 3446 594 3518 δρώμενον
614 3442 656 3495 zai
673 3441 767 3492 ποιοῦν
787 3467 819 3478 -
838 3434 982 3503 epodosin:
1007 3431 1072 3502 ἡδὲ
1090 3432 1166 3482 ποιεῖ
1182 3430 1224 3482 καὶ
1243 3429 1298 3499 δρᾷ
1318 3429 1385 3496 κτλ.)
1404 3429 1448 3480 vix

325 3548 479 3606 possumus,
505 3531 569 3602 quiu
586 3529 730 3600 probemus
751 3523 891 3578 lectionem
911 3520 969 3575 cod.
988 3519 1018 3573 G.
1039 3533 1097 3571 cum
1116 3515 1234 3570 Dieissie
1253 3516 1284 3567 τὸ
1304 3513 1397 3582 δρῶν]
1417 3541 1450 3554 -

327 3623 364 3676 et
383 3636 443 3677 cum
462 3615 606 3674 antecedet
618 3611 755 3670 Ciceronis
773 3610 831 3664 loco
854 3613 990 3673 recturus,
1009 3609 1138 3673 sequetur
1157 3610 1247 3656 eutem
1267 3598 1371 3670 »qued
1391 3597 1448 3652 effi·

328 3711 461 3775 seretur«,
477 3703 543 3760 iilud
558 3701 645 3771 »quod
658 3696 791 3755 efficitur«
810 3712 864 3751 uon
877 3694 930 3749 iem
947 3692 1038 3747 velere
1056 3704 1135 3759 pesse
1154 3688 1274 3742 videtur:
1295 3684 1451 3740 »mundus«.

395 3791 453 3848 Nec
466 3803 528 3845 vere
541 3785 589 3857 61η
602 3785 753 3842 Stoicorum
774 3798 807 3838 ee
825 3788 867 3836 eet
885 3779 1005 3840 muteris.
1025 3777 1052 3830 in
1070 3789 1125 3844 que
1143 3773 1290 3842 quidquem
1308 3769 1450 3836 efficietur,

328 3878 480 3946 sedeque
503 3873 558 3929 flet.
594 3870 665 3928 lilud
693 3871 722 3924 ἐν
747 3866 769 3942 ᾧ
786 3869 907 3924 Plutonis
924 3864 1039 3920 meterie
1057 3868 1098 3915 est
1118 3859 1162 3927 (ci.
1182 3857 1334 3913 Beeumirer
1352 3856 1367 3910 Ι.
1386 3855 1403 3910 Ι.
1423 3871 1449 3924 p.

331 3967 389 4022 itt.
410 3964 479 4032 176),
497 3959 570 4030 epud
582 3958 687 4014 Stoicos
705 3957 751 4010 vix
764 3955 818 4009 ulio
838 3951 957 4008 invenies
972 3949 1046 4002 ioco.
1077 3945 1109 4002 ci.
1128 3945 1178 4000 No.
1191 3943 1245 4008 ῦβε
1264 3940 1298 4002 ἐξ
1313 3941 1345 4012 ἧς
1363 3940 1450 4010 ὁτιδη-

329 4053 432 4106 ποτοῦν
455 4049 567 4118 γίνεται.
603 4045 654 4100 Ne.
674 4048 702 4099 3:
726 4041 771 4110 ἀφ’
797 4039 843 4096 ὧν,
879 4039 953 4093 Sext.
977 4034 1054 4102 Emp.
1080 4031 1167 4086 uach.
1185 4031 1223 4098 X,
1251 4031 1289 4085 ΙΙ.
1324 4029 1384 4082 Seu.
1408 4041 1450 4094 ep.

330 4140 376 4204 66,
394 4139 419 4190 2.
443 4129 604 4189 Nebofin.
623 4125 775 4198 »squoiit
794 4125 901 4181 etitem
921 4137 954 4176 ex
974 4117 1101 4192 queit«.
1129 4113 1451 4181 Cic.defin.1,6‚18:

332 4237 408 4278 »cum
426 4222 454 4275 in
473 4234 560 4274 rerum
580 4223 679 4272 nature
697 4213 749 4268 duo
768 4209 922 4282 quaerenda
941 4209 1004 4274 siut,
1024 4220 1114 4268 uuum,
1134 4217 1204 4271 quse
1222 4201 1334 4254 muteris
1353 4198 1399 4260 sit,
1417 4211 1451 4250 ex

332 4324 386 4379 qus
404 4321 528 4376 quaeque
546 4318 589 4357 res
608 4300 750 4366 efficietur,
768 4298 892 4358 aiterum,
911 4309 979 4363 ques
992 4292 1034 4348 vis
1052 4292 1095 4359 sit,
1113 4303 1181 4357 quae
1194 4286 1310 4356 quidque
1324 4281 1449 4338 efficiet«

332 4395 393 4466 Qus
409 4409 441 4450 re
459 4405 554 4450 ceuceu
574 4386 715 4460 legendum
733 4398 804 4440 esse:
824 4397 855 4437 »e
874 4396 926 4452 que
946 4377 1122 4434 efficeretur«
