3228 4972
359 1437 389 1530 r.
420 1435 496 1535 re
527 1378 737 1535 rerer
769 1432 1128 1536 errrorerrs.

272 1743 353 1809 Sunt
369 1741 432 1808 duo
447 1740 585 1806 universi
601 1741 778 1823 primordia
797 1741 934 1828 (ἀρχαὶ);
959 1743 993 1804 τὸ
1016 1745 1122 1806 ποιοῦν
1137 1747 1171 1808 et
1192 1745 1227 1807 τὸ
1250 1745 1305 1807 πά-

183 1845 332 1936 agoreos.
356 1844 417 1912 No.
437 1849 486 1910 la.

270 1969 300 2012 e.
329 1949 367 2012 Τὸ
391 1949 512 2036 πάσχον
535 1952 584 2011 est
607 1947 746 2012 omnium
762 1966 870 2011 rerum
886 1947 1033 2027 materie,
1051 1949 1199 2028 essentia,
1223 1947 1303 2014 silva

186 2055 234 2135 (ut
258 2071 329 2116 cum
346 2035 511 2115 chalcidio
527 2071 634 2116 vocem
654 2049 765 2138 νάληνι
790 2051 1008 2133 interpreter),
1033 2058 1221 2134 quaereret
1238 2052 1307 2135 qui·

184 2155 257 2220 dem
282 2154 368 2219 omni
396 2173 490 2217 eeneu
517 2160 549 2218 et
569 2153 674 2235 figura
702 2153 825 2238 (ἄποιος
846 2153 951 2234 οὐσία,
976 2155 1031 2242 ὕλη
1056 2152 1114 2219 Νο.
1141 2155 1304 2241 1β),οοο

183 2278 259 2323 vero
281 2260 370 2321 earet
393 2256 421 2318 vi
444 2255 589 2337 patiendi
612 2255 721 2339 (αἴτιον
745 2257 799 2320 τοο
828 2260 957 2347 πάσχειν
980 2258 1039 2324 Νο.
1057 2261 1086 2323 2.
1104 2260 1148 2342 4.)
1194 2256 1220 2321 E
1243 2278 1306 2340 qua

184 2358 326 2424 materia
349 2359 455 2423 omnia
477 2357 622 2441 profecte
644 2363 803 2441 eneteque
823 2364 905 2424 sunt.
950 2359 1010 2426 No.
1028 2362 1056 2426 3.
1074 2361 1131 2443 δβ.

204 2562 262 2626 Νο.
283 2568 309 2626 l.
339 2561 432 2643 Diog.
455 2562 559 2628 Laert.
587 2563 655 2643 Vll,
681 2567 752 2630 134.
775 2568 808 2649 ο)
833 2569 920 2632 δοκεῖ
939 2565 970 2630 δ’
989 2569 1094 2644 αὐτοῖς
1117 2569 1217 2657 ἀρχὰς
1231 2567 1307 2632 εἶναι

334 2669 397 2727 τῶν
424 2665 504 2728 ὅλων
532 2667 603 2743 δύο,
633 2669 667 2729 τὸ
699 2673 806 2733 ποιοῦν
832 2673 937 2735 καὶτὸ
962 2673 1087 2760 πάσχον.
1133 2673 1171 2755 β)
1195 2671 1307 2754 τὸμὲν

337 2764 390 2830 οὖν
407 2768 524 2854 πάσχον
547 2767 622 2832 εἶναι
643 2773 696 2856 τὴν
712 2771 819 2835 ἄποιον
842 2773 948 2837 οὐσίαν
971 2776 1026 2860 τὴν
1050 2775 1132 2862 ὕλην,
1167 2776 1197 2856 γ)
1220 2775 1255 2837 τὸ
1271 2771 1307 2834 δὲ

337 2873 442 2934 ποιοῦν
459 2872 509 2932 τὸν
525 2870 558 2933 ἐν
580 2872 658 2959 αὐτῇ
681 2874 774 2953 λάχον
798 2877 849 2937 τὸν
872 2876 958 2939 θεάν·
997 2880 1103 2940 τοῦτον
1126 2878 1187 2962 γὰρ
1210 2875 1307 2940 ἀΐδιον

337 2973 410 3038 ὄντα
438 2977 488 3039 διὰ
515 2978 615 3062 πάσης
638 2977 734 3064 αὐτῆς
755 2978 955 3066 δημιουργεῖν
978 2980 1102 3044 ἕκαστα.
1148 2980 1250 3066 τίθησι
1271 2977 1307 3041 δὲ

337 3082 371 3144 τὸ
391 3081 492 3162 δόγμα
513 3079 603 3146 τοῦτο
621 3081 732 3168 Ζήνων
753 3083 810 3162 μὲν
826 3084 842 3144 ὁ
860 3083 979 3156 Κιτιεὺς
995 3082 1027 3146 ἑν
1043 3086 1089 3168 τῷ
1106 3085 1176 3167 περὶ
1191 3081 1306 3159 οὐσίας,

337 3183 499 3270 Κλεάνθης
523 3183 553 3244 δ’
580 3183 612 3247 ἐν
637 3188 680 3270 τῷ
704 3187 773 3268 περὶ
794 3186 917 3270 ἀπάμων
942 3187 1001 3250 κτλ.
1265 3225 1268 3230 ·

206 3301 264 3367 No.
282 3303 312 3365 2.
340 3302 425 3367 Attii
439 3302 484 3385 pl.
501 3302 526 3381 1,
543 3304 572 3381 3,
589 3305 629 3368 25
654 3303 705 3384 (H.
724 3302 823 3381 Diels,
843 3303 1046 3388 Dexogrephi
1070 3303 1195 3382 Graeci,
1213 3302 1308 3368 Bero-

340 3404 394 3468 lini
414 3406 494 3471 1879
517 3425 549 3489 p.
568 3407 688 3487 289)¹)‚
712 3404 795 3471 Plut.
820 3407 902 3489 plac.
928 3407 951 3488 l,
975 3412 1009 3473 4:
1034 3407 1146 3493 Ζήνων
1163 3405 1307 3470 Μνασέου

339 3507 454 3584 Κιτιεὺς
476 3508 577 3597 ἀρχὰς
597 3509 654 3593 μὲν
683 3511 735 3572 τὸν
763 3509 838 3573 θεὸν
864 3508 917 3573 καὶ
942 3511 996 3596 τὴν
1025 3509 1112 3596 ὕλην,
1141 3509 1185 3572 ὧν
1212 3507 1308 3589 ὁμέν

338 3609 402 3674 ἐστι
419 3614 471 3674 τοῦ
494 3614 591 3675 ποιεῖν
612 3610 749 3694 αἴτιονῗ),
773 3613 792 3697 ἡ
816 3611 852 3674 δὲ
875 3616 928 3675 τοῦ
953 3614 1090 3700 πάσχειν,
1114 3613 1250 3699 στοιχεῖα
1273 3609 1308 3674 δὲ

339 3713 479 3797 τέσσαρα
502 3715 558 3798 (sc.
582 3713 686 3796 λέγει).
1224 3733 1226 3738 “

206 3831 267 3897 Νο.
285 3834 315 3896 3.
344 3831 482 3897 Achilles
504 3833 573 3897 Tet.
597 3833 675 3914 isag.
698 3833 730 3896 in
754 3834 843 3897 Arati
866 3833 1089 3916 phaenomena
1110 3854 1137 3898 e.
1162 3835 1180 3898 3
1203 3833 1237 3897 in
1253 3831 1309 3896 Pe-

247 3931 252 3940 ’
338 3935 416 4000 terii
447 3935 576 4002 Uranol.
612 3937 666 4018 (de
702 3935 849 4002 doctrina
879 3943 1076 4021 temporum,
1109 3936 1308 4020 Antwerpiee

255 4144 277 4208 1)
295 4140 346 4208 Qui
365 4141 434 4195 liber
450 4141 520 4195 infre
538 4141 649 4196 citatur:
671 4142 771 4196 »Dru

255 4227 278 4295 ²)
296 4226 441 4289 attrectet
455 4226 523 4282 codd
534 4265 542 4292 ,
552 4227 638 4281 atuor
651 4226 681 4282 B.
692 4227 777 4282 αἴτιον
789 4228 875 4295 magis
887 4228 1027 4282 Zenoneee
1040 4227 1188 4281 sententiae
1200 4239 1308 4294 respon·

188 4311 250 4366 dere
264 4327 343 4381 quem
357 4309 441 4372 αἴτιος
453 4327 486 4365 ex
500 4311 533 4365 iis
543 4327 612 4379 quee
621 4312 691 4366 infre
701 4329 727 4381 p.
740 4315 807 4380 13eq
826 4311 962 4380 disputate
972 4318 1033 4365 eunt
1043 4310 1164 4365 elucebit.
1175 4309 1308 4367 ¹lribrario

187 4404 276 4452 eutem
302 4397 400 4452 codicis
419 4397 439 4450 Δ
465 4397 579 4450 doctiori
599 4399 720 4467 quidem,
745 4396 792 4451 sed
809 4397 936 4450 Zenonra
954 4396 1076 4451 doctrine
1092 4394 1308 4459 minue-imbuto,
