<?xml version="1.0" encoding="UTF-8"?>
<!DOCTYPE html PUBLIC "-//W3C//DTD XHTML 1.0 Transitional//EN"
    "http://www.w3.org/TR/xhtml1/DTD/xhtml1-transitional.dtd">
<html xmlns="http://www.w3.org/1999/xhtml" xml:lang="en" lang="en">
 <head>
  <title>
</title>
<meta http-equiv="Content-Type" content="text/html;charset=utf-8" />
  <meta name='ocr-system' content='tesseract 3.04.00' />
  <meta name='ocr-capabilities' content='ocr_page ocr_carea ocr_par ocr_line ocrx_word'/>
</head>
<body>
  <div class='ocr_page' id='page_1' title='image "./zenoniscitiensi00troogoog_0014.png"; bbox 0 0 3228 4972; ppageno 0'>
   <div class='ocr_carea' id='block_1_1' title="bbox 274 1202 1162 1474">
    <p class='ocr_par' dir='ltr' id='par_1_1' title="bbox 274 1202 1162 1478">
     <span class='ocr_line' id='line_1_1' title="bbox 274 1202 1162 1319; baseline -0.016 -3"><span class='ocrx_word' id='word_1_1' title='bbox 274 1223 311 1316; x_wconf 88' lang='lat'><strong>2.</strong></span> <span class='ocrx_word' id='word_1_2' title='bbox 341 1213 646 1319; x_wconf 81' lang='lat' dir='ltr'>CORPOREA</span> <span class='ocrx_word' id='word_1_3' title='bbox 675 1209 750 1312; x_wconf 89' lang='lat' dir='ltr'><strong>ET</strong></span> <span class='ocrx_word' id='word_1_4' title='bbox 780 1202 1162 1309; x_wconf 80' lang='lat' dir='ltr'>INCORPOREA.</span> 
     </span>
     <span class='ocr_line' id='line_1_2' title="bbox 446 1363 991 1474; baseline -0.024 1"><span class='ocrx_word' id='word_1_5' title='bbox 446 1371 587 1474; x_wconf 83' lang='lat' dir='ltr'>ESSE</span> <span class='ocrx_word' id='word_1_6' title='bbox 616 1409 664 1422; x_wconf 84' lang='lat'><strong>···</strong></span> <span class='ocrx_word' id='word_1_7' title='bbox 694 1366 809 1470; x_wconf 89' lang='lat' dir='ltr'><strong>NON</strong></span> <span class='ocrx_word' id='word_1_8' title='bbox 840 1363 991 1466; x_wconf 84' lang='lat' dir='ltr'>ESSE.</span> 
     </span>
    </p>
   </div>
   <div class='ocr_carea' id='block_1_2' title="bbox 247 1664 1283 1769">
    <p class='ocr_par' dir='ltr' id='par_1_2' title="bbox 247 1664 1283 1769">
     <span class='ocr_line' id='line_1_3' title="bbox 247 1664 1283 1769; baseline -0.024 -17"><span class='ocrx_word' id='word_1_9' title='bbox 247 1689 317 1752; x_wconf 85' lang='lat' dir='ltr'><strong>lem</strong></span> <span class='ocrx_word' id='word_1_10' title='bbox 329 1705 427 1769; x_wconf 90' lang='lat' dir='ltr'><strong>porro</strong></span> <span class='ocrx_word' id='word_1_11' title='bbox 439 1677 682 1746; x_wconf 83' lang='lat' dir='ltr'><strong>internoscenda</strong></span> <span class='ocrx_word' id='word_1_12' title='bbox 693 1680 767 1740; x_wconf 87' lang='lat' dir='ltr'><strong>sunt</strong></span> <span class='ocrx_word' id='word_1_13' title='bbox 778 1673 873 1737; x_wconf 74' lang='grc' dir='ltr'><em>αἴτιον</em></span> <span class='ocrx_word' id='word_1_14' title='bbox 884 1671 907 1734; x_wconf 50' lang='lat' dir='ltr'><strong>it</strong></span> <span class='ocrx_word' id='word_1_15' title='bbox 920 1691 947 1734; x_wconf 91' lang='lat' dir='ltr'><strong>e.</strong></span> <span class='ocrx_word' id='word_1_16' title='bbox 958 1688 1064 1748; x_wconf 85' lang='lat' dir='ltr'><strong>cansa,</strong></span> <span class='ocrx_word' id='word_1_17' title='bbox 1081 1686 1147 1750; x_wconf 79' lang='lat' dir='ltr'><strong>qna</strong></span> <span class='ocrx_word' id='word_1_18' title='bbox 1160 1664 1283 1748; x_wconf 84' lang='lat' dir='ltr'><strong>aliquid</strong></span> 
     </span>
    </p>
   </div>
   <div class='ocr_carea' id='block_1_3' title="bbox 40 1767 1283 1872">
    <p class='ocr_par' dir='ltr' id='par_1_3' title="bbox 40 1767 1283 1872">
     <span class='ocr_line' id='line_1_4' title="bbox 40 1767 1283 1872; baseline -0.023 -16"><span class='ocrx_word' id='word_1_19' title='bbox 40 1852 43 1856; x_wconf 86' lang='lat'>.</span> <span class='ocrx_word' id='word_1_20' title='bbox 159 1793 270 1869; x_wconf 85' lang='lat' dir='ltr'><strong>oritur,</strong></span> <span class='ocrx_word' id='word_1_21' title='bbox 287 1794 320 1854; x_wconf 90' lang='lat' dir='ltr'><strong>et</strong></span> <span class='ocrx_word' id='word_1_22' title='bbox 331 1783 543 1872; x_wconf 75' lang='grc' dir='ltr'><em>συμβεβηκός,</em></span> <span class='ocrx_word' id='word_1_23' title='bbox 560 1783 579 1846; x_wconf 88' lang='lat' dir='ltr'><strong>i.</strong></span> <span class='ocrx_word' id='word_1_24' title='bbox 593 1780 674 1858; x_wconf 81' lang='lat' dir='ltr'><strong>eid,</strong></span> <span class='ocrx_word' id='word_1_25' title='bbox 691 1775 778 1860; x_wconf 91' lang='lat' dir='ltr'><strong>qnod</strong></span> <span class='ocrx_word' id='word_1_26' title='bbox 790 1774 954 1839; x_wconf 83' lang='lat' dir='ltr'><strong>illeoause</strong></span> <span class='ocrx_word' id='word_1_27' title='bbox 965 1769 1111 1834; x_wconf 80' lang='lat' dir='ltr'><strong>efficitur.</strong></span> <span class='ocrx_word' id='word_1_28' title='bbox 1129 1767 1203 1852; x_wconf 77' lang='lat' dir='ltr'><strong>(No.</strong></span> <span class='ocrx_word' id='word_1_29' title='bbox 1221 1768 1283 1847; x_wconf 88' lang='grc'><strong>11.)</strong></span> 
     </span>
    </p>
   </div>
   <div class='ocr_carea' id='block_1_4' title="bbox 65 1872 1290 2478">
    <p class='ocr_par' dir='ltr' id='par_1_4' title="bbox 65 1872 1290 2478">
     <span class='ocr_line' id='line_1_5' title="bbox 65 1872 1286 1976; baseline -0.024 -15"><span class='ocrx_word' id='word_1_30' title='bbox 65 1957 76 1976; x_wconf 79' lang='grc'>,</span> <span class='ocrx_word' id='word_1_31' title='bbox 159 1893 255 1959; x_wconf 82' lang='lat' dir='ltr'><strong>Nullo</strong></span> <span class='ocrx_word' id='word_1_32' title='bbox 270 1896 378 1957; x_wconf 82' lang='lat' dir='ltr'><strong>nutem</strong></span> <span class='ocrx_word' id='word_1_33' title='bbox 395 1892 445 1954; x_wconf 88' lang='lat' dir='ltr'><strong>est</strong></span> <span class='ocrx_word' id='word_1_34' title='bbox 460 1906 566 1962; x_wconf 78' lang='lat' dir='ltr'><strong>oense,</strong></span> <span class='ocrx_word' id='word_1_35' title='bbox 589 1904 671 1968; x_wconf 79' lang='lat' dir='ltr'><strong>quae</strong></span> <span class='ocrx_word' id='word_1_36' title='bbox 688 1901 748 1946; x_wconf 92' lang='lat' dir='ltr'><strong>non</strong></span> <span class='ocrx_word' id='word_1_37' title='bbox 769 1879 811 1942; x_wconf 90' lang='lat' dir='ltr'><strong>sit</strong></span> <span class='ocrx_word' id='word_1_38' title='bbox 830 1895 955 1958; x_wconf 88' lang='lat' dir='ltr'><strong>eorpus.</strong></span> <span class='ocrx_word' id='word_1_39' title='bbox 1000 1872 1080 1951; x_wconf 84' lang='lat' dir='ltr'><strong>Quin</strong></span> <span class='ocrx_word' id='word_1_40' title='bbox 1103 1872 1198 1935; x_wconf 86' lang='lat' dir='ltr'><strong>etiem</strong></span> <span class='ocrx_word' id='word_1_41' title='bbox 1216 1889 1286 1934; x_wconf 87' lang='lat' dir='ltr'><strong>esse</strong></span> 
     </span>
     <span class='ocr_line' id='line_1_6' title="bbox 160 1972 1286 2080; baseline -0.024 -19"><span class='ocrx_word' id='word_1_42' title='bbox 160 1995 336 2080; x_wconf 81' lang='lat' dir='ltr'><strong>quidquam</strong></span> <span class='ocrx_word' id='word_1_43' title='bbox 351 1994 448 2074; x_wconf 83' lang='lat' dir='ltr'><strong>negat</strong></span> <span class='ocrx_word' id='word_1_44' title='bbox 460 1990 555 2066; x_wconf 86' lang='lat' dir='ltr'><strong>Zeno,</strong></span> <span class='ocrx_word' id='word_1_45' title='bbox 571 1987 631 2050; x_wconf 89' lang='lat' dir='ltr'><strong>nisi</strong></span> <span class='ocrx_word' id='word_1_46' title='bbox 646 1984 680 2048; x_wconf 91' lang='lat' dir='ltr'><strong>id</strong></span> <span class='ocrx_word' id='word_1_47' title='bbox 695 1981 781 2066; x_wconf 91' lang='lat' dir='ltr'><strong>quod</strong></span> <span class='ocrx_word' id='word_1_48' title='bbox 797 1997 986 2062; x_wconf 84' lang='lat' dir='ltr'><strong>corporeum</strong></span> <span class='ocrx_word' id='word_1_49' title='bbox 1002 1975 1052 2040; x_wconf 91' lang='lat' dir='ltr'><strong>sit.</strong></span> <span class='ocrx_word' id='word_1_50' title='bbox 1071 1973 1143 2057; x_wconf 88' lang='lat' dir='ltr'><strong>(No.</strong></span> <span class='ocrx_word' id='word_1_51' title='bbox 1159 1973 1206 2037; x_wconf 85' lang='grc'><strong>18.</strong></span> <span class='ocrx_word' id='word_1_52' title='bbox 1220 1972 1286 2052; x_wconf 89' lang='grc'><strong>46.)</strong></span> 
     </span>
     <span class='ocr_line' id='line_1_7' title="bbox 161 2079 1286 2176; baseline -0.025 -12"><span class='ocrx_word' id='word_1_53' title='bbox 161 2099 251 2176; x_wconf 82' lang='lat' dir='ltr'><strong>Quae</strong></span> <span class='ocrx_word' id='word_1_54' title='bbox 274 2095 333 2161; x_wconf 90' lang='lat' dir='ltr'><strong>soli</strong></span> <span class='ocrx_word' id='word_1_55' title='bbox 354 2096 454 2158; x_wconf 88' lang='lat' dir='ltr'><strong>menti</strong></span> <span class='ocrx_word' id='word_1_56' title='bbox 477 2089 725 2173; x_wconf 81' lang='lat' dir='ltr'><strong>cogitationique</strong></span> <span class='ocrx_word' id='word_1_57' title='bbox 747 2084 891 2148; x_wconf 80' lang='lat' dir='ltr'><strong>subiecta</strong></span> <span class='ocrx_word' id='word_1_58' title='bbox 913 2086 987 2145; x_wconf 87' lang='lat' dir='ltr'><strong>sunt</strong></span> <span class='ocrx_word' id='word_1_59' title='bbox 1008 2080 1157 2142; x_wconf 81' lang='lat' dir='ltr'><strong>sevocata</strong></span> <span class='ocrx_word' id='word_1_60' title='bbox 1180 2079 1286 2139; x_wconf 84' lang='lat' dir='ltr'><strong>entem</strong></span> 
     </span>
     <span class='ocr_line' id='line_1_8' title="bbox 160 2177 1290 2276; baseline -0.026 -10"><span class='ocrx_word' id='word_1_61' title='bbox 160 2199 347 2276; x_wconf 72' lang='lat' dir='ltr'><strong>assensibus,</strong></span> <span class='ocrx_word' id='word_1_62' title='bbox 372 2216 433 2261; x_wconf 92' lang='lat' dir='ltr'><strong>non</strong></span> <span class='ocrx_word' id='word_1_63' title='bbox 456 2202 529 2260; x_wconf 89' lang='lat' dir='ltr'><strong>sunt</strong></span> <span class='ocrx_word' id='word_1_64' title='bbox 551 2191 607 2257; x_wconf 88' lang='lat' dir='ltr'><strong>sed</strong></span> <span class='ocrx_word' id='word_1_65' title='bbox 630 2211 697 2255; x_wconf 89' lang='lat' dir='ltr'><strong>esse</strong></span> <span class='ocrx_word' id='word_1_66' title='bbox 713 2189 861 2252; x_wconf 87' lang='lat' dir='ltr'><strong>videntur</strong></span> <span class='ocrx_word' id='word_1_67' title='bbox 883 2181 933 2248; x_wconf 86' lang='lat' dir='ltr'><strong>vel</strong></span> <span class='ocrx_word' id='word_1_68' title='bbox 956 2177 1194 2264; x_wconf 83' lang='lat' dir='ltr'><strong>quodammodo</strong></span> <span class='ocrx_word' id='word_1_69' title='bbox 1219 2182 1290 2240; x_wconf 80' lang='lat' dir='ltr'><strong>ten-</strong></span> 
     </span>
     <span class='ocr_line' id='line_1_9' title="bbox 160 2277 1286 2382; baseline -0.026 -14"><span class='ocrx_word' id='word_1_70' title='bbox 160 2308 228 2368; x_wconf 88' lang='lat' dir='ltr'><strong>tum</strong></span> <span class='ocrx_word' id='word_1_71' title='bbox 244 2308 326 2366; x_wconf 87' lang='lat' dir='ltr'><strong>sunt.</strong></span> <span class='ocrx_word' id='word_1_72' title='bbox 351 2297 424 2382; x_wconf 74' lang='lat' dir='ltr'><strong>(No.</strong></span> <span class='ocrx_word' id='word_1_73' title='bbox 445 2296 576 2376; x_wconf 60' lang='grc'><strong>1118.)</strong></span> <span class='ocrx_word' id='word_1_74' title='bbox 614 2292 743 2369; x_wconf 85' lang='lat' dir='ltr'><strong>Verum,</strong></span> <span class='ocrx_word' id='word_1_75' title='bbox 767 2293 804 2352; x_wconf 88' lang='lat' dir='ltr'><strong>ut</strong></span> <span class='ocrx_word' id='word_1_76' title='bbox 827 2286 903 2364; x_wconf 82' lang='lat' dir='ltr'><strong>dixi,</strong></span> <span class='ocrx_word' id='word_1_77' title='bbox 928 2303 1024 2348; x_wconf 85' lang='lat' dir='ltr'><strong>cansa</strong></span> <span class='ocrx_word' id='word_1_78' title='bbox 1044 2298 1199 2363; x_wconf 79' lang='lat' dir='ltr'><strong>corporea</strong></span> <span class='ocrx_word' id='word_1_79' title='bbox 1220 2277 1242 2340; x_wconf 88' lang='lat' dir='ltr'><strong>i.</strong></span> <span class='ocrx_word' id='word_1_80' title='bbox 1260 2295 1286 2340; x_wconf 93' lang='lat' dir='ltr'><strong>e.</strong></span> 
     </span>
     <span class='ocr_line' id='line_1_10' title="bbox 160 2387 1288 2478; baseline -0.027 -7"><span class='ocrx_word' id='word_1_81' title='bbox 160 2427 196 2471; x_wconf 87' lang='lat' dir='ltr'><strong>re</strong></span> <span class='ocrx_word' id='word_1_82' title='bbox 211 2424 287 2470; x_wconf 84' lang='lat' dir='ltr'><strong>vera</strong></span> <span class='ocrx_word' id='word_1_83' title='bbox 310 2407 375 2477; x_wconf 88' lang='lat' dir='ltr'><strong>est;</strong></span> <span class='ocrx_word' id='word_1_84' title='bbox 399 2405 502 2465; x_wconf 84' lang='lat' dir='ltr'><strong>status</strong></span> <span class='ocrx_word' id='word_1_85' title='bbox 516 2403 638 2476; x_wconf 82' lang='lat' dir='ltr'><strong>eontra,</strong></span> <span class='ocrx_word' id='word_1_86' title='bbox 662 2395 716 2478; x_wconf 90' lang='lat' dir='ltr'><strong>qui</strong></span> <span class='ocrx_word' id='word_1_87' title='bbox 732 2391 879 2468; x_wconf 82' lang='lat' dir='ltr'><strong>efficitur,</strong></span> <span class='ocrx_word' id='word_1_88' title='bbox 903 2387 1027 2452; x_wconf 83' lang='lat' dir='ltr'><strong>notioe</strong></span> <span class='ocrx_word' id='word_1_89' title='bbox 1049 2399 1218 2462; x_wconf 86' lang='lat' dir='ltr'><strong>corporum</strong></span> <span class='ocrx_word' id='word_1_90' title='bbox 1241 2399 1288 2442; x_wconf 90' lang='lat' dir='ltr'><strong>es-</strong></span> 
     </span>
    </p>
   </div>
   <div class='ocr_carea' id='block_1_5' title="bbox 161 2491 1014 2589">
    <p class='ocr_par' dir='ltr' id='par_1_5' title="bbox 161 2491 1014 2589">
     <span class='ocr_line' id='line_1_11' title="bbox 161 2491 1014 2589; baseline -0.025 -17"><span class='ocrx_word' id='word_1_91' title='bbox 161 2507 265 2574; x_wconf 82' lang='lat' dir='ltr'><strong>sentia</strong></span> <span class='ocrx_word' id='word_1_92' title='bbox 286 2504 419 2571; x_wconf 82' lang='lat' dir='ltr'><strong>seducte</strong></span> <span class='ocrx_word' id='word_1_93' title='bbox 441 2500 680 2589; x_wconf 84' lang='grc' dir='ltr'><em>(κατηγόρημα),</em></span> <span class='ocrx_word' id='word_1_94' title='bbox 729 2495 788 2560; x_wconf 83' lang='grc' dir='ltr'><strong>Νο.</strong></span> <span class='ocrx_word' id='word_1_95' title='bbox 814 2497 862 2558; x_wconf 90' lang='grc'><strong>11.</strong></span> <span class='ocrx_word' id='word_1_96' title='bbox 890 2493 938 2556; x_wconf 78' lang='lat'><strong>12.</strong></span> <span class='ocrx_word' id='word_1_97' title='bbox 962 2491 1014 2553; x_wconf 85' lang='grc'><strong>46.</strong></span> 
     </span>
    </p>
   </div>
   <div class='ocr_carea' id='block_1_6' title="bbox 571 2635 878 2650">
    <p class='ocr_par' dir='ltr' id='par_1_6' title="bbox 571 2635 878 2650">
     <span class='ocr_line' id='line_1_12' title="bbox 571 2635 878 2650; baseline -0.026 0"><span class='ocrx_word' id='word_1_98' title='bbox 571 2635 878 2650; x_wconf 80' lang='lat'>........--.--—-</span> 
     </span>
    </p>
   </div>
   <div class='ocr_carea' id='block_1_7' title="bbox 165 2689 1298 3524">
    <p class='ocr_par' dir='ltr' id='par_1_7' title="bbox 165 2689 1298 3524">
     <span class='ocr_line' id='line_1_13' title="bbox 165 2689 1290 2789; baseline -0.019 -12"><span class='ocrx_word' id='word_1_99' title='bbox 165 2711 224 2776; x_wconf 89' lang='lat' dir='ltr'><strong>No.</strong></span> <span class='ocrx_word' id='word_1_100' title='bbox 244 2712 292 2774; x_wconf 91' lang='lat' dir='ltr'><strong>ll.</strong></span> <span class='ocrx_word' id='word_1_101' title='bbox 319 2708 385 2772; x_wconf 84' lang='lat' dir='ltr'>Arii</span> <span class='ocrx_word' id='word_1_102' title='bbox 407 2705 445 2771; x_wconf 88' lang='lat' dir='ltr'><strong>fr.</strong></span> <span class='ocrx_word' id='word_1_103' title='bbox 469 2706 523 2789; x_wconf 91' lang='lat' dir='ltr'><strong>ph.</strong></span> <span class='ocrx_word' id='word_1_104' title='bbox 550 2706 598 2769; x_wconf 90' lang='grc'><strong>18.</strong></span> <span class='ocrx_word' id='word_1_105' title='bbox 630 2702 729 2786; x_wconf 83' lang='lat' dir='ltr'><strong>(Dox.</strong></span> <span class='ocrx_word' id='word_1_106' title='bbox 753 2721 784 2783; x_wconf 92' lang='lat' dir='ltr'><strong>p.</strong></span> <span class='ocrx_word' id='word_1_107' title='bbox 809 2701 891 2780; x_wconf 81' lang='lat'>457)</span> <span class='ocrx_word' id='word_1_108' title='bbox 915 2694 1005 2760; x_wconf 87' lang='lat' dir='ltr'><strong>Stob.</strong></span> <span class='ocrx_word' id='word_1_109' title='bbox 1029 2692 1085 2758; x_wconf 88' lang='lat' dir='ltr'><strong>eol.</strong></span> <span class='ocrx_word' id='word_1_110' title='bbox 1112 2689 1140 2769; x_wconf 84' lang='grc' dir='ltr'><strong>Ι,</strong></span> <span class='ocrx_word' id='word_1_111' title='bbox 1164 2691 1227 2756; x_wconf 89' lang='grc'><strong>336</strong></span> <span class='ocrx_word' id='word_1_112' title='bbox 1252 2689 1290 2756; x_wconf 91' lang='grc' dir='ltr'><strong>Η.</strong></span> 
     </span>
     <span class='ocr_line' id='line_1_14' title="bbox 324 2793 1292 2898; baseline -0.011 -24"><span class='ocrx_word' id='word_1_113' title='bbox 324 2813 382 2876; x_wconf 89' lang='grc'><strong>138</strong></span> <span class='ocrx_word' id='word_1_114' title='bbox 407 2810 469 2875; x_wconf 87' lang='lat' dir='ltr'><strong>W.:</strong></span> <span class='ocrx_word' id='word_1_115' title='bbox 498 2809 655 2898; x_wconf 76' lang='grc' dir='ltr'><em>Ζήνωνος.</em></span> <span class='ocrx_word' id='word_1_116' title='bbox 708 2804 811 2867; x_wconf 82' lang='grc' dir='ltr'><em>Αἴτιον</em></span> <span class='ocrx_word' id='word_1_117' title='bbox 839 2800 871 2864; x_wconf 87' lang='lat' dir='ltr'><strong>d’</strong></span> <span class='ocrx_word' id='word_1_118' title='bbox 900 2802 917 2864; x_wconf 81' lang='grc' dir='ltr'><em>ὁ</em></span> <span class='ocrx_word' id='word_1_119' title='bbox 946 2799 1059 2886; x_wconf 73' lang='grc' dir='ltr'><em>Ζήνων</em></span> <span class='ocrx_word' id='word_1_120' title='bbox 1091 2796 1184 2883; x_wconf 80' lang='grc' dir='ltr'><em>φησὶν</em></span> <span class='ocrx_word' id='word_1_121' title='bbox 1215 2793 1292 2866; x_wconf 77' lang='grc' dir='ltr'><em>εἶναι</em></span> 
     </span>
     <span class='ocr_line' id='line_1_15' title="bbox 321 2900 1292 2993; baseline -0.006 -17"><span class='ocrx_word' id='word_1_122' title='bbox 321 2912 360 2977; x_wconf 82' lang='grc' dir='ltr'><em>δι’</em></span> <span class='ocrx_word' id='word_1_123' title='bbox 384 2915 416 2976; x_wconf 78' lang='grc' dir='ltr'><strong>ὅ·</strong></span> <span class='ocrx_word' id='word_1_124' title='bbox 449 2910 486 2977; x_wconf 79' lang='grc' dir='ltr'><strong>οὗ</strong></span> <span class='ocrx_word' id='word_1_125' title='bbox 509 2913 544 2974; x_wconf 74' lang='grc' dir='ltr'><strong>δὲ</strong></span> <span class='ocrx_word' id='word_1_126' title='bbox 574 2909 668 2974; x_wconf 79' lang='grc' dir='ltr'><em>αἴτιον</em></span> <span class='ocrx_word' id='word_1_127' title='bbox 699 2906 909 2993; x_wconf 77' lang='grc' dir='ltr'><em>συμβεβηκός.</em></span> <span class='ocrx_word' id='word_1_128' title='bbox 969 2905 1018 2968; x_wconf 79' lang='grc' dir='ltr'><strong>καὶ</strong></span> <span class='ocrx_word' id='word_1_129' title='bbox 1045 2904 1081 2968; x_wconf 88' lang='grc' dir='ltr'><strong>τὸ</strong></span> <span class='ocrx_word' id='word_1_130' title='bbox 1108 2900 1167 2987; x_wconf 79' lang='grc' dir='ltr'><strong>μὲν</strong></span> <span class='ocrx_word' id='word_1_131' title='bbox 1196 2902 1292 2974; x_wconf 85' lang='grc' dir='ltr'><em>αἴτιον</em></span> 
     </span>
     <span class='ocr_line' id='line_1_16' title="bbox 323 3007 1292 3100; baseline 0.002 -20"><span class='ocrx_word' id='word_1_132' title='bbox 323 3022 424 3100; x_wconf 85' lang='grc' dir='ltr'><em>σῶμα,</em></span> <span class='ocrx_word' id='word_1_133' title='bbox 448 3014 485 3077; x_wconf 85' lang='grc' dir='ltr'><strong>οὗ</strong></span> <span class='ocrx_word' id='word_1_134' title='bbox 509 3014 544 3076; x_wconf 79' lang='grc' dir='ltr'><strong>δὲ</strong></span> <span class='ocrx_word' id='word_1_135' title='bbox 566 3013 661 3077; x_wconf 83' lang='grc' dir='ltr'><em>αἴτιον</em></span> <span class='ocrx_word' id='word_1_136' title='bbox 684 3011 894 3100; x_wconf 82' lang='grc' dir='ltr'><em>κατηγόρημα·</em></span> <span class='ocrx_word' id='word_1_137' title='bbox 923 3009 1077 3078; x_wconf 74' lang='grc' dir='ltr'><em>ἀδύνατον</em></span> <span class='ocrx_word' id='word_1_138' title='bbox 1101 3007 1130 3073; x_wconf 83' lang='lat' dir='ltr'><strong>d’</strong></span> <span class='ocrx_word' id='word_1_139' title='bbox 1157 3010 1292 3089; x_wconf 76' lang='grc' dir='ltr'><em>εἶναιτὸ</em></span> 
     </span>
     <span class='ocr_line' id='line_1_17' title="bbox 319 3113 1291 3218; baseline 0.002 -36"><span class='ocrx_word' id='word_1_140' title='bbox 319 3120 376 3204; x_wconf 87' lang='grc' dir='ltr'><strong>μὲν</strong></span> <span class='ocrx_word' id='word_1_141' title='bbox 404 3117 500 3181; x_wconf 82' lang='grc' dir='ltr'><em>αἴτιον</em></span> <span class='ocrx_word' id='word_1_142' title='bbox 529 3121 684 3198; x_wconf 64' lang='grc' dir='ltr'><em>παρεῖναι,</em></span> <span class='ocrx_word' id='word_1_143' title='bbox 713 3113 750 3178; x_wconf 83' lang='grc' dir='ltr'><strong>οὗ</strong></span> <span class='ocrx_word' id='word_1_144' title='bbox 779 3115 814 3180; x_wconf 78' lang='grc' dir='ltr'><strong>δέ</strong></span> <span class='ocrx_word' id='word_1_145' title='bbox 844 3117 924 3184; x_wconf 79' lang='grc' dir='ltr'><em>ἐστιν</em></span> <span class='ocrx_word' id='word_1_146' title='bbox 948 3117 1043 3185; x_wconf 80' lang='grc' dir='ltr'><em>αἴτιον</em></span> <span class='ocrx_word' id='word_1_147' title='bbox 1063 3116 1108 3208; x_wconf 69' lang='grc' dir='ltr'><strong>μὴ</strong></span> <span class='ocrx_word' id='word_1_148' title='bbox 1132 3119 1291 3218; x_wconf 67' lang='grc' dir='ltr'><strong>ὑιταρηειμΙ</strong></span> 
     </span>
     <span class='ocr_line' id='line_1_18' title="bbox 328 3213 1292 3308; baseline -0.009 -22"><span class='ocrx_word' id='word_1_149' title='bbox 328 3223 364 3287; x_wconf 73' lang='grc' dir='ltr'><strong>Τὸ</strong></span> <span class='ocrx_word' id='word_1_150' title='bbox 392 3221 429 3285; x_wconf 77' lang='grc' dir='ltr'><strong>δὲ</strong></span> <span class='ocrx_word' id='word_1_151' title='bbox 456 3222 624 3306; x_wconf 77' lang='grc' dir='ltr'><em>λεγόμενον</em></span> <span class='ocrx_word' id='word_1_152' title='bbox 655 3216 797 3302; x_wconf 83' lang='grc' dir='ltr'><em>τοιαύτην</em></span> <span class='ocrx_word' id='word_1_153' title='bbox 827 3213 890 3306; x_wconf 76' lang='grc' dir='ltr'><em>ἔχει</em></span> <span class='ocrx_word' id='word_1_154' title='bbox 918 3224 1061 3302; x_wconf 77' lang='grc' dir='ltr'><em>οὑναμιν.</em></span> <span class='ocrx_word' id='word_1_155' title='bbox 1094 3226 1181 3294; x_wconf 54' lang='lat' dir='ltr'><strong>utut„</strong></span> <span class='ocrx_word' id='word_1_156' title='bbox 1211 3237 1292 3308; x_wconf 58' lang='lat' dir='ltr'><strong>ow„</strong></span> 
     </span>
     <span class='ocr_line' id='line_1_19' title="bbox 322 3320 1298 3416; baseline 0.001 -27"><span class='ocrx_word' id='word_1_157' title='bbox 322 3325 365 3390; x_wconf 76' lang='grc' dir='ltr'><em>δι’</em></span> <span class='ocrx_word' id='word_1_158' title='bbox 383 3325 401 3388; x_wconf 79' lang='lat' dir='ltr'><strong>d</strong></span> <span class='ocrx_word' id='word_1_159' title='bbox 416 3325 533 3409; x_wconf 81' lang='grc' dir='ltr'><em>γίνεταί</em></span> <span class='ocrx_word' id='word_1_160' title='bbox 546 3347 581 3402; x_wconf 83' lang='grc' dir='ltr'><em>τι,</em></span> <span class='ocrx_word' id='word_1_161' title='bbox 605 3323 669 3386; x_wconf 86' lang='grc' dir='ltr'><em>οἷον</em></span> <span class='ocrx_word' id='word_1_162' title='bbox 693 3321 743 3385; x_wconf 79' lang='lat' dir='ltr'><strong>ded</strong></span> <span class='ocrx_word' id='word_1_163' title='bbox 767 3323 821 3410; x_wconf 75' lang='grc' dir='ltr'><strong>τὴν</strong></span> <span class='ocrx_word' id='word_1_164' title='bbox 844 3321 999 3410; x_wconf 78' lang='grc' dir='ltr'><em>φρόνησιν</em></span> <span class='ocrx_word' id='word_1_165' title='bbox 1022 3320 1139 3408; x_wconf 81' lang='grc' dir='ltr'><em>γίνεται</em></span> <span class='ocrx_word' id='word_1_166' title='bbox 1161 3331 1196 3390; x_wconf 77' lang='grc' dir='ltr'><strong>τι)</strong></span> <span class='ocrx_word' id='word_1_167' title='bbox 1218 3350 1298 3416; x_wconf 77' lang='grc' dir='ltr'><em>φρο.</em></span> 
     </span>
     <span class='ocr_line' id='line_1_20' title="bbox 324 3425 1297 3524; baseline 0.002 -31"><span class='ocrx_word' id='word_1_168' title='bbox 324 3435 384 3495; x_wconf 80' lang='grc' dir='ltr'><em>νεῖν</em></span> <span class='ocrx_word' id='word_1_169' title='bbox 402 3430 450 3493; x_wconf 79' lang='grc' dir='ltr'><strong>καὶ</strong></span> <span class='ocrx_word' id='word_1_170' title='bbox 466 3429 517 3492; x_wconf 80' lang='grc' dir='ltr'><em>διὰ</em></span> <span class='ocrx_word' id='word_1_171' title='bbox 538 3429 590 3513; x_wconf 81' lang='grc' dir='ltr'><strong>τὴν</strong></span> <span class='ocrx_word' id='word_1_172' title='bbox 612 3428 712 3516; x_wconf 73' lang='grc' dir='ltr'><em>φυγὴν</em></span> <span class='ocrx_word' id='word_1_173' title='bbox 734 3425 850 3510; x_wconf 85' lang='grc' dir='ltr'><em>γίνεται</em></span> <span class='ocrx_word' id='word_1_174' title='bbox 872 3427 908 3492; x_wconf 66' lang='grc' dir='ltr'><em>τιν’</em></span> <span class='ocrx_word' id='word_1_175' title='bbox 930 3427 988 3516; x_wconf 76' lang='grc' dir='ltr'><strong>,ζῆν</strong></span> <span class='ocrx_word' id='word_1_176' title='bbox 1010 3431 1060 3496; x_wconf 76' lang='grc' dir='ltr'><strong>καὶ</strong></span> <span class='ocrx_word' id='word_1_177' title='bbox 1082 3427 1133 3496; x_wconf 78' lang='lat' dir='ltr'><strong>ded</strong></span> <span class='ocrx_word' id='word_1_178' title='bbox 1156 3435 1211 3524; x_wconf 75' lang='grc' dir='ltr'><strong>τὴν</strong></span> <span class='ocrx_word' id='word_1_179' title='bbox 1234 3463 1297 3507; x_wconf 75' lang='grc' dir='ltr'><strong>σω,</strong></span> 
     </span>
    </p>
   </div>
   <div class='ocr_carea' id='block_1_8' title="bbox 168 3633 1293 4486">
    <p class='ocr_par' dir='ltr' id='par_1_8' title="bbox 168 3633 1293 4486">
     <span class='ocr_line' id='line_1_21' title="bbox 169 3633 1293 3724; baseline 0.008 -29"><span class='ocrx_word' id='word_1_180' title='bbox 169 3655 229 3695; x_wconf 83' lang='lat' dir='ltr'><strong>snm</strong></span> <span class='ocrx_word' id='word_1_181' title='bbox 250 3651 406 3706; x_wconf 79' lang='lat' dir='ltr'><strong>componere</strong></span> <span class='ocrx_word' id='word_1_182' title='bbox 426 3635 542 3691; x_wconf 86' lang='lat' dir='ltr'><strong>voluisse</strong></span> <span class='ocrx_word' id='word_1_183' title='bbox 560 3633 672 3701; x_wconf 72' lang='grc' dir='ltr'><em>φθοράν</em></span> <span class='ocrx_word' id='word_1_184' title='bbox 692 3637 719 3686; x_wconf 83' lang='lat' dir='ltr'><strong>et</strong></span> <span class='ocrx_word' id='word_1_185' title='bbox 735 3635 852 3701; x_wconf 82' lang='grc' dir='ltr'><em>γένεσιν.</em></span> <span class='ocrx_word' id='word_1_186' title='bbox 889 3637 986 3704; x_wconf 79' lang='lat' dir='ltr'><strong>ltaque</strong></span> <span class='ocrx_word' id='word_1_187' title='bbox 1006 3639 1075 3695; x_wconf 81' lang='lat' dir='ltr'><strong>haec</strong></span> <span class='ocrx_word' id='word_1_188' title='bbox 1091 3642 1150 3700; x_wconf 83' lang='lat' dir='ltr'><strong>fere</strong></span> <span class='ocrx_word' id='word_1_189' title='bbox 1169 3659 1293 3724; x_wconf 76' lang='lat' dir='ltr'>corrupti</span> 
     </span>
     <span class='ocr_line' id='line_1_22' title="bbox 168 3716 1293 3802; baseline 0.001 -22"><span class='ocrx_word' id='word_1_190' title='bbox 168 3727 220 3781; x_wconf 85' lang='lat' dir='ltr'><strong>loci</strong></span> <span class='ocrx_word' id='word_1_191' title='bbox 244 3725 377 3780; x_wconf 75' lang='lat' dir='ltr'><strong>sententis</strong></span> <span class='ocrx_word' id='word_1_192' title='bbox 400 3723 481 3778; x_wconf 81' lang='lat' dir='ltr'><strong>fnisse</strong></span> <span class='ocrx_word' id='word_1_193' title='bbox 505 3719 625 3774; x_wconf 84' lang='lat' dir='ltr'><strong>videtur:</strong></span> <span class='ocrx_word' id='word_1_194' title='bbox 650 3717 723 3772; x_wconf 77' lang='grc' dir='ltr'><em>ὥστε</em></span> <span class='ocrx_word' id='word_1_195' title='bbox 751 3723 864 3792; x_wconf 68' lang='grc' dir='ltr'><em>φθορὰς</em></span> <span class='ocrx_word' id='word_1_196' title='bbox 886 3724 1013 3790; x_wconf 68' lang='grc' dir='ltr'><em>γίνεσθαι</em></span> <span class='ocrx_word' id='word_1_197' title='bbox 1036 3716 1092 3781; x_wconf 83' lang='grc' dir='ltr'><strong>τῶν</strong></span> <span class='ocrx_word' id='word_1_198' title='bbox 1109 3737 1206 3802; x_wconf 72' lang='grc' dir='ltr'><em>μερῶν</em></span> <span class='ocrx_word' id='word_1_199' title='bbox 1225 3746 1293 3798; x_wconf 59' lang='grc' dir='ltr'><strong>κατὰ</strong></span> 
     </span>
     <span class='ocr_line' id='line_1_23' title="bbox 169 3805 1292 3885; baseline 0.005 -19"><span class='ocrx_word' id='word_1_200' title='bbox 169 3815 298 3881; x_wconf 80' lang='grc' dir='ltr'><em>διαίρεσιν</em></span> <span class='ocrx_word' id='word_1_201' title='bbox 324 3809 367 3862; x_wconf 71' lang='grc' dir='ltr'><strong>καὶ</strong></span> <span class='ocrx_word' id='word_1_202' title='bbox 391 3806 447 3872; x_wconf 79' lang='grc' dir='ltr'><strong>ἅμα</strong></span> <span class='ocrx_word' id='word_1_203' title='bbox 468 3808 576 3876; x_wconf 85' lang='grc' dir='ltr'><em>γένεσιν</em></span> <span class='ocrx_word' id='word_1_204' title='bbox 602 3809 639 3876; x_wconf 78' lang='grc' dir='ltr'><strong>τῇ</strong></span> <span class='ocrx_word' id='word_1_205' title='bbox 662 3805 794 3876; x_wconf 78' lang='grc' dir='ltr'><em>συγχύσει</em></span> <span class='ocrx_word' id='word_1_206' title='bbox 817 3812 900 3860; x_wconf 81' lang='grc' dir='ltr'><em>τινῶν</em></span> <span class='ocrx_word' id='word_1_207' title='bbox 922 3814 1068 3877; x_wconf 76' lang='grc' dir='ltr'><em>γινομένων</em></span> <span class='ocrx_word' id='word_1_208' title='bbox 1094 3815 1123 3868; x_wconf 80' lang='grc' dir='ltr'><strong>ἔκ</strong></span> <span class='ocrx_word' id='word_1_209' title='bbox 1145 3838 1226 3874; x_wconf 85' lang='grc' dir='ltr'><em>τινοιν</em></span> <span class='ocrx_word' id='word_1_210' title='bbox 1251 3832 1292 3885; x_wconf 68' lang='lat' dir='ltr'><strong>vel</strong></span> 
     </span>
     <span class='ocr_line' id='line_1_24' title="bbox 171 3892 1291 3984; baseline 0.006 -35"><span class='ocrx_word' id='word_1_211' title='bbox 171 3899 246 3953; x_wconf 75' lang='grc' dir='ltr'><em>ὥστε</em></span> <span class='ocrx_word' id='word_1_212' title='bbox 258 3900 307 3965; x_wconf 62' lang='lat' dir='ltr'><strong>od.</strong></span> <span class='ocrx_word' id='word_1_213' title='bbox 320 3914 371 3967; x_wconf 85' lang='grc' dir='ltr'><em>γιν.</em></span> <span class='ocrx_word' id='word_1_214' title='bbox 383 3900 439 3949; x_wconf 82' lang='grc' dir='ltr'><strong>τῶν</strong></span> <span class='ocrx_word' id='word_1_215' title='bbox 451 3895 544 3962; x_wconf 83' lang='grc' dir='ltr'><em>μερῶν</em></span> <span class='ocrx_word' id='word_1_216' title='bbox 557 3892 626 3943; x_wconf 82' lang='grc' dir='ltr'><em>κατὰ</em></span> <span class='ocrx_word' id='word_1_217' title='bbox 640 3892 772 3961; x_wconf 81' lang='grc' dir='ltr'><em>διαίρεσιν</em></span> <span class='ocrx_word' id='word_1_218' title='bbox 791 3893 979 3960; x_wconf 73' lang='grc' dir='ltr'><em>ἀναλοομένιον</em></span> <span class='ocrx_word' id='word_1_219' title='bbox 999 3899 1043 3952; x_wconf 72' lang='grc' dir='ltr'><strong>καὶ</strong></span> <span class='ocrx_word' id='word_1_220' title='bbox 1061 3901 1118 3966; x_wconf 81' lang='grc' dir='ltr'><strong>ἅμα</strong></span> <span class='ocrx_word' id='word_1_221' title='bbox 1135 3911 1173 3977; x_wconf 75' lang='grc' dir='ltr'><strong>τῇ</strong></span> <span class='ocrx_word' id='word_1_222' title='bbox 1193 3917 1291 3984; x_wconf 53' lang='lat' dir='ltr'><strong>&#39;Wlff-</strong></span> 
     </span>
     <span class='ocr_line' id='line_1_25' title="bbox 171 3976 1282 4059; baseline 0.012 -21"><span class='ocrx_word' id='word_1_223' title='bbox 171 4003 215 4038; x_wconf 84' lang='grc' dir='ltr'><em>σει</em></span> <span class='ocrx_word' id='word_1_224' title='bbox 232 4002 281 4038; x_wconf 83' lang='grc' dir='ltr'><em>τιν.</em></span> <span class='ocrx_word' id='word_1_225' title='bbox 299 4000 350 4051; x_wconf 83' lang='grc' dir='ltr'><em>γιν.</em></span> <span class='ocrx_word' id='word_1_226' title='bbox 373 3980 402 4033; x_wconf 76' lang='grc' dir='ltr'><strong>ἔκ</strong></span> <span class='ocrx_word' id='word_1_227' title='bbox 419 3995 507 4033; x_wconf 82' lang='grc' dir='ltr'><em>τινων.</em></span> <span class='ocrx_word' id='word_1_228' title='bbox 531 4007 565 4017; x_wconf 96' lang='grc'>-</span> <span class='ocrx_word' id='word_1_229' title='bbox 588 3976 684 4031; x_wconf 79' lang='lat' dir='ltr'><strong>Restat</strong></span> <span class='ocrx_word' id='word_1_230' title='bbox 702 3983 732 4031; x_wconf 84' lang='lat' dir='ltr'><strong>ut</strong></span> <span class='ocrx_word' id='word_1_231' title='bbox 750 3979 859 4048; x_wconf 81' lang='lat' dir='ltr'><strong>addam,</strong></span> <span class='ocrx_word' id='word_1_232' title='bbox 878 3985 960 4036; x_wconf 82' lang='lat' dir='ltr'><strong>etiem</strong></span> <span class='ocrx_word' id='word_1_233' title='bbox 979 3984 1172 4059; x_wconf 84' lang='lat' dir='ltr'><strong>Petersenium,</strong></span> <span class='ocrx_word' id='word_1_234' title='bbox 1192 3995 1282 4054; x_wconf 80' lang='lat' dir='ltr'><strong>Philon</strong></span> 
     </span>
     <span class='ocr_line' id='line_1_26' title="bbox 171 4045 1289 4140; baseline 0.009 -14"><span class='ocrx_word' id='word_1_235' title='bbox 171 4070 264 4139; x_wconf 82' lang='lat' dir='ltr'><strong>Chrys.</strong></span> <span class='ocrx_word' id='word_1_236' title='bbox 283 4068 400 4124; x_wconf 86' lang='lat' dir='ltr'><strong>fundam.</strong></span> <span class='ocrx_word' id='word_1_237' title='bbox 425 4062 520 4120; x_wconf 85' lang='lat' dir='ltr'><strong>Hemb.</strong></span> <span class='ocrx_word' id='word_1_238' title='bbox 542 4066 605 4118; x_wconf 81' lang='lat'>1827</span> <span class='ocrx_word' id='word_1_239' title='bbox 625 4079 650 4131; x_wconf 88' lang='lat' dir='ltr'><strong>p.</strong></span> <span class='ocrx_word' id='word_1_240' title='bbox 663 4067 698 4118; x_wconf 80' lang='lat'><strong>49</strong></span> <span class='ocrx_word' id='word_1_241' title='bbox 716 4063 802 4118; x_wconf 86' lang='lat' dir='ltr'><strong>locum</strong></span> <span class='ocrx_word' id='word_1_242' title='bbox 822 4066 861 4120; x_wconf 86' lang='lat' dir='ltr'><strong>sie</strong></span> <span class='ocrx_word' id='word_1_243' title='bbox 879 4069 1028 4136; x_wconf 78' lang='lat' dir='ltr'><strong>explicere:</strong></span> <span class='ocrx_word' id='word_1_244' title='bbox 1051 4045 1289 4140; x_wconf 64' lang='lat' dir='ltr'><strong>nEssentinm‘non</strong></span> 
     </span>
     <span class='ocr_line' id='line_1_27' title="bbox 171 4151 1288 4239; baseline 0.004 -29"><span class='ocrx_word' id='word_1_245' title='bbox 171 4157 206 4211; x_wconf 81' lang='lat' dir='ltr'><strong>nd</strong></span> <span class='ocrx_word' id='word_1_246' title='bbox 230 4155 364 4225; x_wconf 83' lang='lat' dir='ltr'><strong>posterius</strong></span> <span class='ocrx_word' id='word_1_247' title='bbox 389 4153 551 4207; x_wconf 81' lang='lat' dir='ltr'><strong>substratum</strong></span> <span class='ocrx_word' id='word_1_248' title='bbox 575 4153 674 4218; x_wconf 88' lang='lat' dir='ltr'><strong>minus,</strong></span> <span class='ocrx_word' id='word_1_249' title='bbox 698 4166 778 4218; x_wconf 83' lang='lat' dir='ltr'><strong>quam</strong></span> <span class='ocrx_word' id='word_1_250' title='bbox 801 4151 835 4207; x_wconf 82' lang='lat' dir='ltr'><strong>ed</strong></span> <span class='ocrx_word' id='word_1_251' title='bbox 858 4155 933 4222; x_wconf 88' lang='lat' dir='ltr'><strong>prius</strong></span> <span class='ocrx_word' id='word_1_252' title='bbox 955 4157 1092 4224; x_wconf 83' lang='lat' dir='ltr'><strong>portinere</strong></span> <span class='ocrx_word' id='word_1_253' title='bbox 1110 4160 1189 4218; x_wconf 84' lang='lat' dir='ltr'><strong>docet</strong></span> <span class='ocrx_word' id='word_1_254' title='bbox 1207 4167 1288 4239; x_wconf 76' lang='lat' dir='ltr'><strong>chry.</strong></span> 
     </span>
     <span class='ocr_line' id='line_1_28' title="bbox 171 4237 1288 4313; baseline 0.01 -15"><span class='ocrx_word' id='word_1_255' title='bbox 171 4245 279 4312; x_wconf 69' lang='lat' dir='ltr'><strong>sinouse</strong></span> <span class='ocrx_word' id='word_1_256' title='bbox 298 4256 335 4309; x_wconf 85' lang='lat' dir='ltr'><strong>sq.</strong></span> <span class='ocrx_word' id='word_1_257' title='bbox 372 4238 445 4292; x_wconf 86' lang='lat' dir='ltr'><strong>Idem</strong></span> <span class='ocrx_word' id='word_1_258' title='bbox 469 4238 601 4307; x_wconf 86' lang='lat' dir='ltr'><strong>duplicem</strong></span> <span class='ocrx_word' id='word_1_259' title='bbox 625 4238 697 4292; x_wconf 84' lang='lat' dir='ltr'><strong>vonis</strong></span> <span class='ocrx_word' id='word_1_260' title='bbox 719 4237 766 4308; x_wconf 75' lang='grc' dir='ltr'><strong>ὅλη</strong></span> <span class='ocrx_word' id='word_1_261' title='bbox 791 4239 1015 4308; x_wconf 82' lang='lat' dir='ltr'><strong>significationem</strong></span> <span class='ocrx_word' id='word_1_262' title='bbox 1033 4261 1058 4313; x_wconf 88' lang='lat' dir='ltr'><strong>p.</strong></span> <span class='ocrx_word' id='word_1_263' title='bbox 1072 4250 1106 4299; x_wconf 82' lang='lat'><strong>44</strong></span> <span class='ocrx_word' id='word_1_264' title='bbox 1123 4249 1288 4312; x_wconf 79' lang='lat' dir='ltr'><strong>demonstret</strong></span> 
     </span>
     <span class='ocr_line' id='line_1_29' title="bbox 171 4323 1287 4399; baseline 0.002 -15"><span class='ocrx_word' id='word_1_265' title='bbox 171 4344 187 4384; x_wconf 86' lang='lat' dir='ltr'><strong>e</strong></span> <span class='ocrx_word' id='word_1_266' title='bbox 206 4327 324 4396; x_wconf 80' lang='lat' dir='ltr'><strong>simplic.</strong></span> <span class='ocrx_word' id='word_1_267' title='bbox 347 4324 381 4380; x_wconf 82' lang='lat' dir='ltr'><strong>nd</strong></span> <span class='ocrx_word' id='word_1_268' title='bbox 404 4326 484 4379; x_wconf 80' lang='lat' dir='ltr'><strong>Arist</strong></span> <span class='ocrx_word' id='word_1_269' title='bbox 508 4324 566 4380; x_wconf 82' lang='lat' dir='ltr'><strong>Oet.</strong></span> <span class='ocrx_word' id='word_1_270' title='bbox 589 4325 632 4378; x_wconf 89' lang='lat' dir='ltr'><strong>ed.</strong></span> <span class='ocrx_word' id='word_1_271' title='bbox 657 4324 738 4379; x_wconf 81' lang='lat' dir='ltr'><strong>Besil.</strong></span> <span class='ocrx_word' id='word_1_272' title='bbox 757 4323 775 4380; x_wconf 81' lang='lat' dir='ltr'><strong>f.</strong></span> <span class='ocrx_word' id='word_1_273' title='bbox 791 4327 857 4386; x_wconf 83' lang='grc' dir='ltr'><strong>12Δ,</strong></span> <span class='ocrx_word' id='word_1_274' title='bbox 887 4359 917 4368; x_wconf 88' lang='grc'><strong>-</strong></span> <span class='ocrx_word' id='word_1_275' title='bbox 940 4325 1015 4399; x_wconf 71' lang='grc' dir='ltr'><em>’ἴλην</em></span> <span class='ocrx_word' id='word_1_276' title='bbox 1039 4335 1067 4384; x_wconf 86' lang='lat' dir='ltr'><strong>et</strong></span> <span class='ocrx_word' id='word_1_277' title='bbox 1090 4333 1182 4387; x_wconf 77' lang='grc' dir='ltr'><em>οὐσίαν</em></span> <span class='ocrx_word' id='word_1_278' title='bbox 1206 4340 1287 4395; x_wconf 67' lang='lat' dir='ltr'><strong>etiam</strong></span> 
     </span>
     <span class='ocr_line' id='line_1_30' title="bbox 175 4410 1269 4486; baseline 0.006 -17"><span class='ocrx_word' id='word_1_279' title='bbox 175 4415 323 4486; x_wconf 79' lang='lat' dir='ltr'><strong>posteriore</strong></span> <span class='ocrx_word' id='word_1_280' title='bbox 341 4418 458 4479; x_wconf 84' lang='lat' dir='ltr'><strong>tempore</strong></span> <span class='ocrx_word' id='word_1_281' title='bbox 477 4410 602 4464; x_wconf 79' lang='lat' dir='ltr'><strong>distincta</strong></span> <span class='ocrx_word' id='word_1_282' title='bbox 622 4426 678 4465; x_wconf 85' lang='lat' dir='ltr'><strong>esse</strong></span> <span class='ocrx_word' id='word_1_283' title='bbox 698 4413 774 4466; x_wconf 86' lang='lat' dir='ltr'><strong>testie</strong></span> <span class='ocrx_word' id='word_1_284' title='bbox 793 4420 833 4466; x_wconf 86' lang='lat' dir='ltr'><strong>ost</strong></span> <span class='ocrx_word' id='word_1_285' title='bbox 853 4414 966 4468; x_wconf 84' lang='lat' dir='ltr'><strong>Posiden</strong></span> <span class='ocrx_word' id='word_1_286' title='bbox 998 4416 1030 4470; x_wconf 84' lang='lat' dir='ltr'><strong>of.</strong></span> <span class='ocrx_word' id='word_1_287' title='bbox 1050 4417 1121 4471; x_wconf 84' lang='lat' dir='ltr'><strong>Stob.</strong></span> <span class='ocrx_word' id='word_1_288' title='bbox 1133 4425 1193 4476; x_wconf 77' lang='lat'>·324</span> <span class='ocrx_word' id='word_1_289' title='bbox 1207 4424 1239 4478; x_wconf 79' lang='lat' dir='ltr'><strong>fl:</strong></span> <span class='ocrx_word' id='word_1_290' title='bbox 1263 4468 1269 4476; x_wconf 87' lang='lat'>.</span> 
     </span>
    </p>
   </div>
   <div class='ocr_carea' id='block_1_9' title="bbox 0 0 1634 4972">
    <p class='ocr_par' dir='ltr' id='par_1_9' title="bbox 0 0 1634 4972">
     <span class='ocr_line' id='line_1_31' title="bbox 0 0 1634 4972; baseline 0 0"><span class='ocrx_word' id='word_1_291' title='bbox 0 0 1634 4972; x_wconf 95' lang='lat' dir='ltr'><strong> </strong></span> 
     </span>
    </p>
   </div>
  </div>
 </body>
</html>
