3228 4972
675 674 885 737 ...25-

300 861 330 924 4.
374 857 444 936 Qua
460 859 547 924 litut
569 858 683 924 eadem
707 858 814 924 divina
836 859 1018 925 substantia
1041 861 1222 943 appelletur
1244 862 1336 948 φύσις

215 960 287 1042 (No.
308 962 355 1025 19.
374 961 425 1025 20.
442 962 547 1044 23β.),
568 961 643 1045 quin
660 961 757 1025 etiam
773 961 842 1044 ipse
858 967 944 1028 totus
959 963 1096 1028 mundus
1113 964 1192 1031 deus
1207 969 1336 1031 vocetur

368 1169 538 1234 materiam
567 1169 761 1234 mundialem
789 1189 809 1234 a
836 1169 897 1234 deo
920 1173 1052 1254 separat
1074 1168 1134 1234 vel
1160 1190 1241 1234 eum
1270 1191 1336 1254 per

367 1271 472 1337 illam
495 1275 689 1355 tamqnam
705 1272 777 1337 mel
800 1292 867 1354 per
889 1271 998 1336 favos
1020 1272 1211 1337 transisse
1227 1272 1335 1354 dicit-3

369 1375 479 1457 itaque
501 1374 639 1439 materia
654 1380 687 1438 et
703 1376 781 1440 deus
797 1375 861 1440 duo
876 1374 1041 1454 vocabula,
1066 1375 1147 1440 duae
1167 1393 1229 1441 res.
1273 1373 1336 1442 Pro

368 1476 549 1542 discrimine
572 1476 798 1543 vocabulorum
818 1478 917 1542 etiam
938 1499 989 1542 res
1010 1483 1211 1562 separantur,
1236 1479 1336 1544 etiam

370 1579 526 1644 materiae
557 1579 701 1645 condicio
735 1580 924 1645 vocabulum
959 1581 1112 1663 sequitur.
1120 1581 1145 1664 ¹)
1184 1581 1235 1663 (cl.
1264 1581 1335 1646 adv.

370 1681 511 1764 Hermog
533 1705 559 1748 o.
583 1685 639 1749 44:
668 1683 767 1748 Stoici
790 1683 872 1746 enim
901 1683 1023 1762 volunt,
1053 1683 1161 1748 deum
1190 1684 1245 1748 sic
1271 1704 1337 1767 per

369 1787 568 1852 materiam
592 1787 850 1865 decucurisse,
880 1786 1065 1870 quomodo
1092 1784 1165 1850 mel
1192 1806 1259 1870 per
1286 1784 1339 1850 ia·

368 1889 456 1968 vos).
481 1888 520 1952 cl.
543 1889 585 1953 ad
608 1888 667 1955 hos
689 1889 776 1955 locos
797 1889 882 1955 inira
904 1909 973 1972 cap.
999 1892 1027 1954 5.
1052 1892 1081 1954 6.

223 2023 282 2088 No.
299 2025 349 2088 36.
374 2023 436 2088 Cic.
461 2030 525 2090 nat.
548 2025 575 2089 d.
599 2025 639 2105 11,
665 2028 693 2107 7,
717 2028 772 2093 20:
796 2026 874 2091 (lum
899 2032 1015 2105 autem,
1038 2028 1074 2090 ut
1096 2026 1181 2092 Zeno
1204 2025 1337 2101 solebat,

376 2124 505 2191 brevius
514 2129 743 2212 angustiusque
756 2128 997 2209 concluduntur,
1011 2134 1079 2193 tum
1091 2129 1253 2210 apertiora
1265 2134 1338 2192 sunt

373 2229 415 2294 ad
430 2230 740 2314 reprehendendum.
772 2231 855 2296 Nam
874 2237 909 2295 ut
925 2230 1086 2313 profluens
1102 2231 1204 2296 amnis
1218 2237 1273 2295 aut
1286 2231 1338 2294 vix

373 2337 429 2396 aut
444 2333 531 2398 nullo
546 2333 652 2412 modo,
669 2334 817 2399 conclusa
833 2339 940 2399 autem
958 2355 1041 2417 aqua
1056 2331 1149 2397 facile
1165 2333 1338 2416 corrumpi-

373 2443 433 2514 tur,
458 2434 503 2500 sic
526 2437 679 2502 orationis
698 2437 829 2520 flumine
845 2437 1085 2519 reprehensoris
1101 2437 1242 2501 convicia
1258 2437 1338 2500 dilu-

373 2543 466 2600 untur
480 2539 627 2620 angustia
644 2545 748 2602 autem
766 2539 933 2604 conclusae
950 2539 1102 2605 orationis
1118 2558 1179 2603 uon
1195 2538 1289 2603 facile
1304 2560 1338 2604 se

371 2640 444 2721 ipsa
466 2645 601 2704 tutatur.
646 2642 735 2706 Haec
758 2643 856 2715 enim,
889 2663 971 2724 quae
996 2641 1171 2706 dilatantur
1193 2662 1213 2705 a
1235 2641 1336 2718 nobis,

371 2742 456 2806 Zeno
472 2741 517 2806 sic
532 2741 712 2824 premebat:
737 2745 765 2808 8.
788 2747 838 2807 21.
880 2744 1003 2820 »Quod
1027 2743 1178 2808 ratione
1200 2743 1336 2821 utitur,

369 2845 407 2908 id
432 2843 568 2908 melius
591 2850 649 2909 est
672 2865 781 2928 quam
804 2845 851 2926 id,
877 2847 976 2930 quod
999 2841 1150 2911 ratione
1171 2866 1244 2911 non
1268 2846 1337 2910 uti·

370 2953 439 3013 tur.
485 2945 592 3012 Nihil
615 2953 740 3012 autem
763 2949 902 3015 mundo
924 2949 1076 3015 melius:
1101 2949 1252 3013 ratione
1274 2948 1339 3030 igi·

370 3055 433 3114 tur
459 3049 618 3114 mundus
647 3050 798 3113 utitur«
848 3051 1002 3116 Similiter
1030 3050 1112 3115 effici
1139 3054 1260 3131 potest,
1289 3068 1339 3112 sa·

371 3153 509 3237 pientsm
544 3172 612 3216 esse
639 3151 807 3227 muudum,
840 3153 985 3217 similiter
1014 3154 1157 3232 beatum,
1193 3150 1338 3216 similiter

372 3261 545 3321 aeternum.
592 3253 707 3318 Omnia
728 3255 810 3319 enim
828 3254 907 3320 haec
923 3256 1056 3321 meliora
1071 3260 1153 3332 sunt,
1178 3272 1273 3338 quam
1291 3273 1338 3328 ea,

372 3378 454 3442 quae
476 3364 553 3423 sunt
568 3357 617 3421 his
632 3358 784 3437 carentia,
808 3379 866 3423 nee
878 3359 1004 3444 ¹mundo
1021 3357 1194 3441 quidquam
1212 3355 1338 3420 melius:

373 3480 411 3524 ex
435 3480 498 3543 qno
520 3459 658 3525 allicitur
681 3481 749 3525 esse
780 3461 933 3525 mundum
957 3461 1060 3524 deum.
1089 3460 1139 3521 22.
1175 3460 1212 3542 β)
1237 3457 1338 3522 Idem-

375 3583 436 3644 que
460 3562 520 3628 hoc
542 3565 651 3630 modo:
683 3562 825 3627 »Nullius
847 3584 942 3628 sensu
965 3563 1103 3628 carentis
1125 3583 1202 3644 pars
1230 3561 1340 3646 aliqua

374 3670 480 3748 potest
502 3687 571 3730 esse
587 3667 735 3730 sentiens.
781 3665 892 3730 Mundi
915 3672 1021 3730 autem
1042 3671 1151 3748 partes
1166 3665 1339 3729 sentientes

373 3773 461 3833 sunt:
484 3787 546 3832 nou
577 3769 675 3850 igitur
698 3770 786 3832 caret
813 3788 908 3832 sensu
935 3766 1099 3831 mundus«
1148 3768 1179 3849 γ)
1207 3765 1340 3848 Pergit

373 3869 474 3934 idem
498 3872 531 3934 et
552 3876 666 3951 urguet
688 3869 867 3952 angustius:
902 3866 1043 3933 ›Nihil‹
1074 3868 1191 3951 inquit,
1223 3866 1341 3949 »quod

375 3972 489 4035 animi
513 3971 688 4056 qnodque
719 3971 884 4036 rationis
911 3975 969 4035 est
995 3989 1147 4052 expers,
1175 3969 1213 4032 id
1236 3989 1341 4052 gene-

372 4093 459 4137 rare
490 4095 532 4138 ex
562 4093 600 4137 se
629 4079 756 4155 potest
786 4073 1017 4137 animantem
1052 4076 1340 4156 compotemque

372 4175 548 4240 rationis.
599 4175 759 4239 Mundus
786 4180 911 4238 autem
939 4180 1100 4256 generat
1126 4175 1340 4239 animantes

290 4381 313 4446 ¹)
332 4377 414 4434 Cuius
426 4377 477 4432 loci
489 4393 542 4431 nou
561 4378 649 4432 omnia
667 4364 751 4432 rerba
769 4377 804 4433 ad
817 4379 950 4433 Zenonem
969 4379 1112 4446 pertinere,
1131 4383 1161 4433 ut
1172 4378 1246 4434 Staio
1258 4378 1273 4432 Ι.
1288 4377 1304 4433 l.
1318 4379 1340 4441 1,

221 4481 249 4533 p.
262 4467 298 4519 64
315 4464 375 4518 adn.
392 4467 427 4519 88
445 4463 509 4532 vult,
528 4462 645 4524 ostendit
663 4464 815 4519 Baeumker
833 4464 848 4518 l.
862 4465 879 4520 l.
896 4481 923 4540 p.
935 4469 986 4528 359
1004 4466 1063 4522 adn.
1083 4470 1108 4524 4.
1166 4485 1168 4489 ⁷
