3228 4972
334 1101 371 1201 3.
402 1101 479 1202 DE
508 1101 606 1203 DEI
638 1101 907 1204 MATERIA
936 1102 1349 1226 ESSENTIAQUE.

365 1406 446 1474 Sunt
475 1408 585 1492 igitur,
621 1413 655 1474 ut
685 1409 836 1490 vidimus,
872 1411 935 1475 due
967 1409 1141 1494 generandi
1173 1410 1335 1496 principia
1364 1415 1399 1477 τὸ

279 1513 409 1600 πάσχον,
442 1513 475 1575 τὸ
506 1515 621 1576 ποιοῦν.
676 1512 742 1576 »Τὸ
765 1514 906 1600 πάσχον(
937 1511 1003 1577 fere
1033 1513 1215 1578 nominatur
1238 1512 1309 1600 ὕλη,
1342 1517 1399 1580 »rt

279 1617 400 1678 ποιοῦνι
433 1613 510 1690 θεός
532 1615 598 1680 eive
621 1615 721 1697 λόγος.
769 1613 827 1680 Oui
859 1614 993 1681 notitiae
1024 1615 1083 1701 (τῷ
1107 1612 1224 1694 ποιοῦν)
1249 1615 1401 1682 tribuitur

277 1718 466 1795 aeternitas,
503 1716 639 1782 facultas
677 1720 709 1782 et
746 1715 908 1782 crescendi
943 1721 976 1782 et
1004 1715 1208 1782 decrescendi
1238 1716 1398 1784 abnuitur.

278 1818 346 1884 Iam
379 1840 453 1886 vero
490 1820 730 1903 quaerentibus,
771 1838 930 1903 quaenam
944 1877 950 1892 ,
964 1819 1006 1883 eit
1039 1819 1107 1884 eius
1141 1819 1195 1896 vis,
1230 1817 1316 1886 Zeno
1350 1841 1400 1887 re·

277 1921 429 2004 spondet:

364 2031 391 2093 l.
415 2027 473 2092 Est
495 2027 541 2091 vis
564 2046 703 2105 morena,
727 2026 856 2106 δύναμις
877 2025 1011 2113 κινητική
1033 2023 1104 2106 (Νο.
1125 2026 1171 2104 19,
1196 2025 1268 2107 20).

362 2130 391 2194 2.
414 2129 473 2195 Est
496 2131 607 2197 eadem
631 2130 790 2214 quaedam
814 2135 939 2209 natura,
964 2150 1004 2194 ex
1029 2149 1094 2212 qua
1116 2130 1199 2195 ratio
1223 2136 1256 2194 et
1281 2132 1403 2198 intelle·

275 2229 382 2314 gentia
404 2233 537 2315 orietur,
563 2234 628 2318 (21,
645 2234 712 2316 22.)

275 2416 335 2485 Νο.
356 2421 403 2486 19.
427 2422 512 2487 Attii
525 2421 569 2506 pl.
587 2424 611 2501 1,
635 2423 686 2501 27,
710 2425 738 2487 5.
771 2421 864 2504 (Dox.
883 2423 970 2503 322).
1011 2419 1098 2486 Stob.
1116 2421 1172 2486 eol.
1190 2422 1205 2487 I
1226 2443 1257 2506 p.
1279 2427 1338 2491 178
1356 2425 1397 2491 H.

432 2525 472 2588 78
497 2523 557 2590 W.:
595 2524 707 2611 Ζήνων
735 2526 752 2588 ὁ
781 2524 920 2599 Στωικὸς
954 2523 987 2586 ἐν
1017 2525 1062 2607 τη
1085 2522 1162 2609 Περὶ
1191 2525 1318 2610 φύσεως
1348 2529 1399 2592 dd·

434 2649 520 2710 ναμιν
536 2628 684 2713 κινητικὴν
705 2631 761 2713 τῆς
784 2626 858 2712 ὕλης
880 2627 958 2690 κατὰ
981 2624 1077 2688 ταύτὰ
1099 2628 1148 2690 καὶ
1170 2628 1320 2706 ὡσαύτως
1342 2633 1397 2716 (ec.

431 2730 486 2815 τὴν
500 2728 606 2793 οὐσίαν
622 2736 675 2817 τῆς
691 2729 881 2816 εἱμαρμένης
898 2733 952 2810 [=
961 2726 1046 2807 teon,
1063 2729 1102 2792 cf.
1116 2749 1148 2813 p.
1162 2730 1203 2794 30
1215 2731 1311 2818 insta]
1329 2734 1403 2797 ἀπε·

431 2832 586 2916 φαίνετο),
603 2835 640 2920 ἧν
652 2856 717 2897 τινα
727 2834 770 2919 μη
782 2833 943 2918 διαφέρειν
956 2833 1104 2915 πρόνοιαν
1122 2833 1169 2895 καὶ
1184 2836 1274 2918 φύσιν
1287 2841 1399 2903 καλεῖν.

278 2948 335 3015 No.
354 2952 404 3015 20.
432 2950 620 3017 Theodoret.
645 2952 665 3016 l.
688 2952 708 3017 l.
736 2953 788 3032 vl,
815 2955 854 3018 14
883 2953 977 3036 (Dox.
1001 2955 1093 3036 322)ss
1123 2955 1234 3041 Ζηνων
1257 2956 1293 3020 δὲ
1316 2959 1333 3021 ὁ
1357 2958 1403 3022 Κι-

430 3055 512 3131 τιεὺς
544 3054 671 3141 δύναμιν
705 3055 829 3143 κέκληκε
865 3057 918 3143 την
949 3058 1138 3145 εἱμαρμένην
1168 3061 1316 3148 κινητικὴν
1346 3065 1403 3147 τῆς

431 3156 518 3246 ὕλης,
542 3161 596 3246 την
620 3159 655 3224 δὲ
678 3160 845 3248 αὐτὴνκαὶ
868 3161 1016 3246 πρόνοιαν
1040 3163 1087 3225 καὶ
1109 3163 1200 3247 φύσιν
1223 3164 1397 3248 ὠνόμασεν.

161 3323 166 3336 ,
277 3263 337 3330 Νο.
354 3266 405 3328 21.
429 3263 493 3329 Cia.
517 3263 557 3329 de
579 3262 632 3328 fin.
660 3263 717 3343 vl,
742 3267 776 3344 5,
803 3265 855 3331 12:
889 3263 994 3329 »Cum
1018 3270 1125 3331 autem
1149 3271 1402 3349 quaereretur

432 3388 484 3433 ree
499 3366 673 3432 admodum
695 3365 841 3446 difficilis,
866 3388 950 3432 num
973 3367 1110 3450 quinte
1133 3368 1318 3449 quaedam
1341 3389 1401 3435 na·

430 3474 517 3535 tura
543 3467 740 3533 videretur
762 3487 844 3545 esee,
873 3487 912 3532 ex
934 3486 997 3551 qua
1019 3467 1102 3532 ratio
1127 3474 1159 3533 et
1183 3467 1401 3552 intellegentia

430 3571 580 3649 oriretur,
612 3571 644 3634 in
670 3589 732 3653 que
754 3570 851 3633 etiam
875 3569 915 3634 de
938 3569 1068 3649 animis,
1099 3569 1187 3634 cuiue
1209 3571 1332 3652 generis
1354 3591 1400 3636 ee·

430 3679 509 3754 sent,
526 3678 744 3756 quaereretur,
767 3671 868 3736 Zeno
887 3671 926 3736 id
946 3671 1045 3736 dixit
1065 3691 1149 3736 esse
1164 3671 1300 3754 ignem;
1324 3691 1400 3737 nen-

435 3775 524 3842 nulla
540 3774 656 3841 deinde
671 3773 764 3839 aliter
786 3777 842 3857 (se.
861 3793 899 3839 ae
916 3774 1065 3856 veteres),
1090 3772 1147 3838 sed
1163 3791 1202 3838 ea
1216 3792 1334 3857 pauca3
1360 3775 1399 3840 de

432 3880 571 3945 maxima
590 3883 698 3943 autem
721 3898 755 3943 re
779 3877 890 3943 eodem
913 3876 1021 3956 modo,
1045 3875 1176 3941 divina
1198 3885 1323 3943 mente
1346 3884 1400 3943 at·

429 4001 501 4066 que
534 3985 671 4046 natura
705 3978 882 4044 mundum
916 3981 1137 4045 universum
1171 3982 1285 4061 atque
1318 3978 1399 4044 eius

429 4085 615 4151 maximae
642 4087 773 4167 partes
801 4083 1075 4149 administrari.
1122 4083 1290 4149 Materiam
1324 4105 1398 4152 vero

432 4206 537 4252 rerum
562 4190 596 4251 et
618 4183 742 4268 copiam
766 4183 851 4268 apud
875 4183 1086 4265 horrendem,
1111 4184 1196 4269 apud
1217 4184 1289 4253 iilos
1306 4187 1399 4254 uber·

428 4289 546 4355 rimum
570 4285 793 4371 reperiemur«

276 4393 332 4460 Νο.
351 4395 402 4459 22.
425 4394 488 4462 Οἰο.
517 4394 607 4461 acad.
635 4391 665 4472 1,
697 4396 750 4473 11,
784 4392 838 4458 39:
879 4391 925 4458 De
954 4392 1077 4460 naturis
1110 4400 1217 4461 autem
1251 4395 1296 4459 eie
1328 4415 1396 4462 een-
