3228 4972
714 1103 989 1191 THESES.

295 1509 298 1518 .
380 1427 406 1489 1.
441 1421 529 1501 Quae
552 1443 572 1488 a
593 1423 711 1490 Karnio
734 1421 774 1488 de
796 1422 985 1488 vernaculae
1008 1421 1136 1504 linguae
1158 1423 1414 1490 enuntiationum

290 1525 442 1592 membris
471 1525 695 1610 imprimisque
726 1524 766 1590 de
798 1525 906 1592 »verbi
934 1524 1035 1592 finiti«
1069 1524 1155 1608 quod
1184 1524 1301 1591 dicitur
1323 1525 1352 1591 vi
1376 1545 1415 1591 ac

290 1634 453 1696 momento
476 1632 707 1713 proponuntur,
733 1647 802 1694 esse
824 1627 996 1694 reicienda.
1109 1649 1111 1656 ·

376 1783 406 1846 2.
442 1781 531 1846 Sexti
555 1781 707 1865 Empirioi
737 1781 809 1846 adv.
840 1781 939 1846 Math.
971 1779 1044 1845 libri
1067 1780 1122 1846 XI.
1154 1781 1233 1846 satis
1263 1799 1413 1864 magnam

290 1890 418 1968 partam
439 1906 457 1952 e
477 1882 649 1968 Chrysippi
671 1881 754 1950 hhro
778 1907 808 1949 π.
833 1885 963 1965 ἀγαθῶν
987 1885 1162 1964 mirareris
1185 1882 1338 1966 originem
1361 1904 1415 1950 ao·

291 1987 422 2070 cepisse.

1448 2089 1482 2133 1⁷1.

376 2143 405 2206 3.
441 2139 620 2224 Chrysippo
648 2139 908 2223 perturbationes
940 2139 1051 2220 animi,
1084 2160 1166 2223 quas
1193 2139 1314 2206 iudicia
1337 2142 1412 2227 (κρὶ-
1430 2121 1484 2233 ff,

290 2245 367 2326 σεις)
398 2264 467 2310 esso
497 2249 620 2324 censet,
651 2264 669 2308 a
692 2243 902 2325 complurium
926 2241 1117 2308 iudiciorum
1137 2244 1224 2329 'inter
1246 2262 1281 2309 se
1303 2263 1410 2328 pugne

191 2412 198 2425 ,
290 2347 368 2413 oriri
391 2345 558 2431 placuisse.

376 2503 405 2564 4.
441 2499 602 2568 Ciceronis
626 2498 752 2566 Tuscul.
774 2499 836 2579 ΙΙΙ,
868 2501 918 2565 33.
944 2499 1080 2564 28-39.
1111 2499 1249 2574 31-32.
1281 2499 1332 2566 33.
1360 2502 1412 2567 34.

291 2601 350 2684 IV,
373 2604 402 2668 9.
437 2603 485 2668 10.
517 2603 565 2668 13.
599 2606 647 2670 15.
677 2604 725 2670 18.
753 2605 804 2670 25.
833 2604 884 2667 27.
916 2603 965 2666 37.
995 2604 1036 2668 38
1066 2608 1178 2686 partos
1200 2624 1219 2669 e
1241 2601 1415 2688 Chrysippi

292 2729 322 2770 rr.
346 2704 458 2770 παθῶν
480 2703 571 2771 libris
594 2703 733 2771 fluxisse.

376 2864 406 2926 h.
442 2859 613 2946 Chrysippi
644 2858 724 2927 duos
753 2860 1016 2924 internoscendos
1040 2879 1109 2926 esse
1132 2823 1245 2926 libros:
1276 2860 1412 2928 alterum
1458 2835 1463 2844 ’

293 2987 322 3027 π.
346 2963 462 3044 τέλους,
485 2961 622 3028 alterum
645 2984 674 3027 π.
700 2964 808 3027 τελῶν.

379 3121 407 3182 6.
443 3115 614 3202 Chrysippi
630 3141 659 3182 π.
678 3117 807 3202 φύσεως
821 3115 922 3184 libros
945 3117 1087 3200 quinque
1110 3137 1172 3184 nou
1195 3117 1238 3181 ad
1262 3137 1312 3182 res
1335 3117 1415 3201 phy·

293 3221 385 3300 sicas,
410 3227 446 3286 ut
470 3219 615 3302 Beguetc
640 3221 774 3300 videtur,
798 3221 856 3287 sed
879 3218 920 3285 ad
945 3218 1068 3285 ethicas
1091 3219 1291 3302 pertinuisse.
