3228 4972
783 576 995 638 ..14-

326 749 424 818 ducta
451 753 550 819 menti
577 754 638 822 soli
664 755 807 824 subiecta
833 759 885 826 eit.
935 761 1173 848 (No.13.14.)
1219 765 1255 832 In
1286 767 1452 834 nominali·

325 855 447 920 starum
478 855 588 938 igitur,
619 878 697 942 quos
723 864 917 944 posteriores
948 871 1078 948 vocant,
1109 888 1240 936 numero
1270 871 1451 939 Stoicorum

325 956 474 1040 princeps
497 959 663 1041 ponendus
686 966 737 1028 est
759 963 812 1046 (cf.
835 965 939 1033 Zoller
954 967 974 1033 l.
991 967 1012 1034 l.
1028 989 1060 1053 p.
1078 972 1119 1036 79
1135 970 1209 1037 adn.
1227 974 1271 1056 2).

412 1055 553 1125 Primum
569 1061 666 1144 igitur
681 1083 817 1148 corpore
831 1074 942 1135 carent
959 1071 1172 1160 συμβεβηκός,
1195 1077 1449 1163 κατηγορήματα,

326 1159 512 1246 ἐννοήματα.
521 1163 544 1243 ¹)
590 1162 657 1228 Iam
674 1187 748 1232 vero
765 1169 859 1233 etiem
876 1172 1020 1253 spatium
1037 1179 1070 1238 et
1086 1179 1213 1259 tempus
1237 1179 1368 1254 πτώσεις
1382 1178 1451 1262 qui·

323 1363 380 1430 No.
402 1367 449 1430 13.
473 1366 557 1432 Attii
580 1368 627 1434 Pl.
652 1370 678 1452 1,
705 1373 757 1453 10,
787 1378 815 1439 5.
839 1373 921 1441 Plut.
952 1380 1026 1462 epit.
1054 1381 1080 1460 1,
1110 1382 1147 1445 10
1175 1383 1269 1465 (Dux.
1299 1405 1330 1468 p.
1354 1386 1447 1470 309):

478 1471 511 1598 qi
531 1471 591 1535 ἀπὸ
613 1473 762 1558 Ζήνωνος
777 1476 906 1543 Στωικοὶ
925 1481 1100 1568 ἐννοήματα
1122 1485 1261 1572 ἡμέτερα
1283 1489 1338 1562 τὰς
1362 1488 1448 1564 ἰδέας

353 1655 358 1662 .
385 1637 431 1662 1,,
476 1599 606 1662 efesus.

321 1657 379 1760 iu.
401 1697 446 1760 ιι.
470 1697 537 1762 nui
560 1695 598 1764 ο.
623 1699 674 1782 pn.
698 1701 747 1764 ιο.
773 1703 866 1786 (uox.
889 1706 965 1786 ιτα)
995 1704 1084 1771 sios.
1109 1707 1133 1784 1,
1157 1709 1219 1773 τοο
1237 1708 1275 1772 u.
1306 1711 1363 1774 nee
1380 1709 1444 1776 u:

474 1800 624 1888 Ζήνωνος
644 1803 712 1889 <xci
734 1810 796 1869 τῶν
820 1805 875 1869 ἀπ’
901 1807 994 1870 αὐτοῦ
1019 1809 1092 1874 add.
1120 1810 1230 1896 Diels).
1277 1813 1315 1876 Τὰ
1340 1812 1445 1900 ἐννοη-

392 2012 413 2077 l)
432 2012 530 2066 Vocem
543 2008 644 2078 λεπτόν,
664 2024 716 2076 qua
734 2009 848 2063 Zenonis
868 2009 990 2078 discipuli
1010 2011 1164 2080 ἐννοήματα
1183 2019 1210 2065 at
1228 2015 1444 2084 κατηγορήματα

321 2096 534 2166 (σημαινόμενα)
554 2094 780 2163 significaverunt,
799 2095 932 2148 Zenonem
954 2096 1069 2149 nondum
1090 2098 1273 2165 usurpavisse,
1293 2098 1344 2152 hac
1362 2115 1440 2168 spero

320 2199 361 2236 me
380 2182 624 2237 demonstraturum
645 2195 703 2233 esee
723 2182 963 2248 argumentatione.
995 2181 1093 2236 Sextus
1111 2181 1189 2250 Emp.
1209 2183 1294 2237 Math.
1316 2183 1391 2245 vili,
1411 2188 1445 2240 69

321 2270 409 2324 verbis
432 2269 487 2329 οἶος
505 2269 535 2321 de*
554 2271 628 2321 ἐστιν
648 2269 663 2320 ό
681 2267 746 2335 περὶ
764 2268 864 2336 ταύτηό
885 2271 932 2336 τῆς
950 2269 1075 2328 στάσεως
1095 2267 1185 2338 λόγος,
1209 2272 1326 2328 τοιοῦτος
1344 2270 1442 2337 γένοιτ’

319 2353 351 2409 ἂν
369 2354 432 2422 ἡμῖν
451 2354 495 2406 καλ
513 2355 528 2406 ό
545 2353 611 2421 περὶ
630 2358 678 2422 τῆς
695 2353 866 2425 λειπομένης,
884 2352 945 2406 καθ’
964 2352 997 2423 ἣν
1017 2355 1045 2405 οἱ
1062 2355 1121 2420 μὲν
1141 2354 1169 2404 ἐν
1189 2357 1227 2426 τῷ
1246 2355 1443 2426 σημαινομένην,

319 2441 459 2493 τουτέστιν
478 2439 617 2508 ἀσωμάτῳ
635 2439 735 2509 λεπτῷ,
755 2439 787 2490 τὸ
806 2438 906 2506 ἀληθὲς
924 2439 967 2491 καλ
988 2441 1017 2490 τὸ
1036 2441 1137 2504 ψεῦδος
1156 2439 1346 2509 ὑποτίθενται,
1366 2442 1398 2493 οἱ
1417 2439 1443 2492 d'

320 2527 350 2577 ἐν
373 2530 408 2598 τῇ
432 2529 525 2596 φωνῇ,
548 2526 578 2577 οἱ
600 2525 626 2577 δ’
652 2525 680 2575 ἐν
706 2528 746 2593 τῷ
769 2525 893 2593 κινήματι
917 2529 963 2593 τῆς
988 2526 1105 2584 διανοίας
1131 2525 1236 2578 initium
1262 2525 1327 2580 tecit
1350 2541 1442 2580 recen·

320 2611 420 2666 sendae
432 2611 605 2679 quaestionis,
624 2610 669 2664 ubi
683 2612 798 2664 essentia
816 2609 938 2663 veritatis
957 2610 1141 2678 mendaciique
1160 2611 1284 2678 ponenda
1303 2612 1345 2665 sit.
1376 2612 1443 2666 Tres

319 2697 358 2752 ait
375 2705 482 2751 exstare
501 2697 660 2751 sententiae:
680 2699 707 2764 a)
720 2697 747 2748 iu
760 2696 897 2764 ἀσωμάτῳ
915 2697 1000 2765 λειτη)
1020 2696 1046 2765 b)
1060 2697 1087 2749 in
1106 2711 1171 2750 voce
1189 2700 1214 2762 c)
1228 2696 1255 2750 in
1273 2697 1369 2751 montis
1388 2713 1442 2751 mo·

320 2785 401 2838 tione.
437 2783 527 2837 Prima
545 2782 679 2836 sententia
696 2782 813 2850 pertinet
832 2783 864 2836 ad
885 2782 1071 2851 Chrysippum,
1094 2783 1198 2836 tertia
1216 2783 1254 2836 ad
1273 2782 1442 2838 Zenonem.

318 2869 435 2923 Primam
454 2867 580 2936 deinceps
598 2868 710 2936 suscipit
728 2868 879 2921 accuratius
895 2867 1088 2935 explicandam.
1124 2873 1214 2936 Atque

216 3001 226 3018 ·
337 2972 441 3026 ott—74
476 2969 584 3037 quidem
603 2969 739 3024 notionum
759 2970 896 3023 nobiscum
915 2971 1092 3023 communicat
1111 2971 1179 3024 hanc
1197 2971 1367 3024 divisionem:

559 3059 581 3108 1.
600 3054 681 3106 λεκτὰ
700 3054 792 3122 ἐλλιπῆ
811 3054 934 3108 notiones
953 3070 1062 3108 mancae
1080 3057 1191 3124 (omisit)

557 3144 581 3193 2.
600 3139 682 3191 λεκτὰ
700 3140 832 3208 αὐτοτελῆ
852 3143 972 3192 notiones
991 3140 1138 3206 perductae:

336 3251 358 3300 1.
370 3244 554 3312 προστακτικά
621 3248 644 3297 2.
660 3243 831 3311 ἁποφαντικά
944 3247 968 3298 3.
981 3245 1109 3310 πύσματα
1234 3248 1259 3297 4.
1273 3245 1390 3310 ἀματικά

327 3332 424 3386 Modus
444 3331 560 3398 Impera·
616 3330 652 3384 Μ.
674 3329 837 3383 lndicotivus
899 3329 1152 3397 M.interrogotivue
1222 3329 1259 3381 dd.
1278 3330 1414 3398 optativus

408 3418 478 3471 titus
627 3417 731 3468 όΔῐιον
752 3433 826 3482 περι·
905 3417 958 3468 ποῦ
977 3413 1045 3467 οἰκεῖ
1061 3414 1143 3480 Δίων;
1210 3413 1256 3482 σφ’
1275 3414 1421 3483 ἐγκέφαλος

244 3547 249 3557 .
322 3493 324 3499 ’
378 3501 454 3571 δεῦρ’
475 3500 514 3556 tue
684 3502 767 3553 πατεῖ
1213 3501 1330 3571 χαμάδις
1348 3502 1408 3567 μεότ

488 3609 511 3658 5.
531 3605 641 3657 εὐκτικά
796 3608 819 3658 6.
840 3602 947 3668 ἀξίωμα
1100 3605 1123 3660 7.
1143 3603 1270 3673 πλεῖονῆ

461 3691 498 3744 Μ.
517 3691 628 3758 rogandi
647 3699 674 3744 et
761 3691 900 3744 Sententia
918 3706 981 3744 vera
1133 3687 1241 3752 ἀξίωμα

517 3775 611 3830 orandi
806 3783 854 3831 aut
872 3775 941 3830 t'also
1060 3775 1098 3828 M.
1122 3775 1314 3829 exclamativus

453 3862 501 3922 cde
519 3862 592 3932 νίκην
611 3861 674 3930 ἁμέ·
745 3861 925 3934 Πμιαμίόησιν
945 3862 991 3928 ἐμ·
1069 3861 1106 3921 dic
1123 3858 1221 3929 Πμιαμ.
1242 3862 1303 3930 ἐμφ.

531 3949 597 4000 σόαι
744 3951 832 4019 φεμὴς
842 3951 857 4002 ό
868 3947 998 4014 βουκόλος
1119 3948 1134 4000 ό
1150 3947 1224 4013 βοοκ.

335 4035 438 4090 *to-ta
462 4033 607 4100 quomodo
626 4033 742 4102 Sceptici
761 4033 831 4088 hanc
849 4033 1008 4089 sententiam
1027 4032 1205 4088 refutaverint

332 4123 436 4178 79-80
471 4120 575 4174 duobus
593 4119 652 4174 aliis
671 4121 835 4188 argumentis
854 4120 955 4175 refutat
973 4118 1083 4174 eandem
1104 4127 1130 4173 et
1148 4121 1207 4188 ipsa
1225 4120 1331 4175 Sextus.

334 4209 436 4261 81—84
472 4205 663 4260 Demonstrere
685 4205 812 4272 deinceps
836 4205 926 4258 studet
950 4221 983 4258 ne
1008 4220 1067 4258 esse
1091 4204 1198 4274 quidem
1221 4219 1308 4274 neque
1333 4202 1438 4268 ἀξίωμα

470 4303 556 4358 neque
574 4289 679 4342 λεκτόν.

329 4379 437 4438 ,es-st
472 4378 522 4432 Sed
548 4378 626 4431 etiem
652 4378 714 4430 lieet
737 4392 890 4432 concessum
915 4378 966 4438 sit,
989 4378 1229 4446 pergitdisserere
1248 4377 1358 4444 Sextus,
1383 4390 1440 4430 esso
