3228 4972
754 609 962 676 ..28-

297 798 347 862 42.
360 797 425 881 43),
442 793 540 863 iatum
556 796 690 881 denique
703 797 900 884 (εἱμαρμένη)
914 799 985 880 (No.
998 799 1018 863 6
1023 798 1056 880 β.
1073 800 1120 863 19.
1134 801 1283 882 41-44),
1301 805 1333 867 et
1344 822 1420 885 pro·

296 900 437 966 videntia
460 901 617 986 (πρόνοια)
640 901 843 983 omniumque
866 921 971 965 rerum
989 902 1162 968 necessitas
1184 902 1256 987 (No.
1279 905 1329 968 42.
1350 905 1417 986 43).

297 1003 421 1086 Corpus
437 1023 508 1068 eum
524 1023 602 1084 esse,
619 1004 739 1087 quippe
755 1023 839 1086 quae
854 1003 897 1066 eit
911 1022 1036 1068 summa
1051 1025 1149 1070 causa
1165 1025 1271 1088 agene,
1289 1006 1418 1072 minime

297 1105 358 1170 erit
380 1105 562 1187 ambiguum
586 1104 658 1189 (No.
678 1108 726 1169 ll.
744 1107 794 1170 25.
810 1107 876 1188 46).

383 1211 410 1271 7.
457 1207 579 1287 Restat,
602 1207 790 1288 meddam,
813 1207 1001 1291 quibusnam
1025 1215 1196 1293 praeterea
1219 1212 1416 1294 argumentis

296 1309 381 1375 Zeno
417 1309 509 1374 deum
544 1329 614 1375 esse
648 1310 920 1376 demonstraverit.
975 1313 1080 1394 Atque
1110 1312 1248 1397 primum
1285 1311 1416 1396 quidem

296 1418 426 1496 praeter
446 1412 652 1496 probationes
672 1434 771 1497 supra
793 1433 824 1496 p.
841 1414 882 1478 28
898 1435 944 1497 sq.
961 1411 1078 1481 allatas
1099 1415 1174 1480 inde
1197 1414 1283 1499 quod
1308 1436 1417 1481 omnes

296 1513 441 1581 homines
458 1515 534 1581 deos
550 1514 727 1580 celeranti.
743 1538 770 1582 e.
788 1537 805 1580 e
826 1535 980 1582 consensu
1002 1517 1142 1600 gentium
1163 1517 1325 1598 conclusit,
1347 1538 1417 1583 esee

296 1615 374 1682 deos
396 1617 469 1701 (No.
485 1619 551 1701 47).

296 1821 355 1888 No.
372 1824 423 1888 44.
448 1823 538 1906 Diog.
563 1823 667 1888 baem.
691 1821 768 1901 Vll,
796 1826 864 1889 149.
910 1822 983 1886 καθ’
1008 1824 1198 1910 εἱμαρμένην
1220 1823 1258 1888 δέ
1281 1849 1356 1910 φασι
1378 1825 1418 1888 τὰ

450 1927 549 1990 πάντα
586 1925 725 2008 γίνεσθαι
753 1926 930 2012 Χρύσιππος
961 1925 995 1989 ἐν
1029 1921 1195 2009 τοῖςπερὶ
1229 1926 1418 2013 εἱμαρμένης

449 2031 497 2093 καὶ
519 2027 731 2103 Ποσειδώνιος
753 2028 785 2091 ἐν
809 2028 952 2114 δευτέρῳ
982 2029 1052 2114 περὶ
1074 2029 1264 2115 εἱμαρμένης
1286 2028 1417 2113 210qu-

450 2156 521 2212 νων,
544 2129 670 2218 Βόηιὶος
692 2131 724 2194 ‹l’
749 2130 782 2194 έν
806 2135 851 2218 τῷ
874 2133 991 2218 πρώτῳ
1015 2131 1087 2217 περὶ
1109 2131 1309 2219 εἱμαρμένης.
1354 2129 1416 2194 ἔστι

449 2234 481 2298 δ’
507 2234 678 2320 εἱμαρμένη
706 2235 786 2298 alcia
810 2237 871 2297 τῶν
893 2233 992 2299 όντων
1014 2233 1160 2322 εἰρομένη
1184 2235 1202 2322 ἢ
1226 2236 1316 2316 λόγος
1338 2232 1415 2297 καθ’

450 2337 485 2401 lv
508 2339 525 2399 ό
548 2338 664 2421 κόσμος
686 2337 870 2419 διεξάγεται.
922 2341 970 2402 καὶ
994 2339 1056 2424 μὴν
1081 2341 1133 2403 καὶ
1164 2339 1311 2422 μαντικὴν
1341 2337 1416 2422 ὑφε-

450 2441 559 2503 στάναι
588 2442 689 2504 πᾶσάν
712 2464 804 2526 φασι,
832 2442 858 2504 ελ
879 2445 926 2505 καὶ
949 2443 1095 2526 πρόνοιαν
1119 2443 1205 2508 ελναι.
1250 2443 1299 2506 καὶ
1322 2440 1417 2526 αὐτὴν

450 2544 498 2607 καὶ
525 2543 634 2633 τέχνην
664 2543 873 2630 ἀποφαίνουσι
902 2545 956 2609 ὐιά
975 2568 1059 2621 τινας
1082 2546 1243 2630 ἐκβάσεις,
1275 2544 1321 2618 ὥς
1343 2565 1419 2630 φησι

450 2645 562 2733 Ζήνων
584 2668 619 2710 τε
641 2646 690 2710 καὶ
714 2646 892 2733 Χρύσιππος
915 2696 922 2712 .
947 2697 954 2711 .
979 2696 987 2713 .

297 2781 356 2849 Νο.
373 2786 424 2850 45,
449 2782 537 2847 Sext.
559 2782 653 2866 Emp.
672 2782 774 2847 Malu.
790 2783 844 2848 IX.
871 2784 946 2849 107:
970 2782 1099 2866 δυνάμει
1123 2783 1158 2848 δὲ
1181 2785 1233 2846 τόν
1257 2782 1349 2846 αὐτὸν
1373 2783 1419 2867 τῷ

451 2885 574 2972 Ζηνωνι
597 2886 688 2966 λόγον
712 2884 840 2957 ἐξέθετο
865 2887 920 2968 (so.
938 2883 1092 2967 Πλάτων)
1115 2885 1247 2970 καὶγὰρ
1271 2883 1362 2961 οὗτος
1384 2890 1420 2946 τό

450 2994 507 3052 πᾶν
534 2989 694 3052 κάλλιπον
722 2987 801 3051 εἶναι’
825 3010 916 3073 φησι,
940 2987 1018 3050 κατιλ
1049 2988 1138 3073 φύσιν
1169 2987 1418 3072 ἀπειργασμένον

450 3089 542 3175 έργον
559 3091 700 3154 καὶκατὰ
723 3093 773 3154 τὸν
794 3091 895 3154 εἰκότα
918 3091 1018 3173 λόγον,
1044 3091 1124 3165 ζῶον
1148 3088 1284 3178 ἔμψυχον
1308 3089 1420 3174 νοερόν

450 3217 483 3258 τε
506 3195 554 3258 καλ
576 3194 703 3277 λογικόν.

295 3335 355 3400 Νο.
375 3335 426 3398 46.
449 3331 616 3416 Augustin.
633 3337 745 3396 contra
759 3330 856 3397 Acad.
873 3330 930 3409 ΙΙΙ,
947 3331 997 3396 38.
1016 3329 1117 3413 (Stein
1134 3331 1159 3411 1,
1174 3351 1206 3414 p.
1220 3331 1261 3394 20
1277 3329 1349 3394 adn.
1365 3329 1420 3410 25)

454 3435 702 3520 necquidquam
718 3454 788 3500 esse
806 3438 935 3517 praeter
950 3433 1033 3498 hunc
1055 3432 1237 3498 sensibilem
1254 3432 1419 3512 mundum,

455 3537 597 3622 nihilque
611 3537 644 3599 in
661 3556 698 3601 eo
715 3536 776 3619 agi,
793 3536 854 3600 nisi
870 3555 1004 3619 corpore
1027 3538 1082 3617 (eo.
1101 3534 1220 3600 Zenoni
1235 3533 1418 3617 placuisse.)

297 3677 356 3745 No.
373 3680 424 3741 47.
449 3677 536 3742 Sext.
559 3673 651 3756 Emp.
675 3672 775 3738 Math.
800 3673 858 3752 IX,
892 3673 968 3739 133:
999 3673 1110 3761 Ζήνων
1139 3673 1176 3735 δὲ
1206 3673 1253 3735 καὶ
1284 3669 1421 3738 τοιοῦτον

450 3780 560 3866 ἠρώτα
582 3774 684 3858 λόγον.
718 3775 792 3849 τούς
808 3774 903 3850 ιὶεούς
918 3775 1057 3859 εὐλόγως
1078 3776 1115 3839 ἄν
1138 3798 1182 3851 τις
1203 3775 1314 3866 τιμηὶη.
1350 3774 1423 3850 τούς

450 3881 487 3944 δὲ
502 3881 545 3966 μη
562 3877 654 3954 ὄντας
669 3875 724 3942 οὐκ
739 3878 775 3941 ἄν
792 3901 837 3953 τις
860 3879 996 3960 εὐλόγως
1019 3877 1135 3964 τιμῴη·
1159 3877 1233 3942 εἱσὶν
1256 3877 1318 3962 ἄρα
1342 3875 1421 3942 deci.

454 3982 481 4069 ᾧ
496 3982 579 4067 λόγῳ
596 3981 674 4056 τινὲς
689 3980 945 4067 παραβάλλοντες
968 3982 1045 4066 φασὶ
1071 3980 1161 4055 »τοὺς
1183 3979 1303 4065 σοφούς
1324 3979 1362 4043 ἄν
1377 4001 1423 4054 τις

451 4086 588 4168 εὐλόγως
609 4084 724 4171 τιμηή·
750 4084 821 4161 τούς
841 4084 876 4148 δὲ
897 4087 941 4170 μὴ
965 4085 1056 4159 ὄντας
1079 4085 1134 4148 οὐκ
1158 4084 1196 4148 ἄν
1218 4105 1262 4158 τις
1285 4083 1423 4165 εὐλόγως

423 4187 558 4278 ’τιμῴη
604 4189 678 4252 sicia
702 4188 766 4274 ἄρα
789 4188 912 4272 cocci«
960 4189 1039 4274 ὅπερ
1062 4187 1115 4252 εὐκ
1135 4186 1252 4274 ἤρεσκε
1276 4188 1339 4260 τοῖς
1362 4184 1423 4249 ἀπὸ

450 4298 517 4380 τῆς,
535 4298 644 4372 στοᾶς,
672 4292 766 4382 μέχρι
795 4297 849 4356 τοῦ
881 4295 933 4355 νῦν
961 4291 1132 4377 ἀνευρέτοο
1159 4289 1249 4365 όντος
1269 4286 1328 4352 τοῦ
1350 4287 1420 4354 κατ’

451 4394 564 4474 αὐτοὺς
587 4401 699 4486 σοροῦ.
746 4397 890 4459 ἀπαντῶν
914 4395 949 4458 δὲ
972 4395 1052 4480 πρός
1075 4395 1128 4482 την
1151 4391 1334 4482 παραβηλην
1357 4393 1423 4458 Διο-
