3228 4972
665 703 873 764 ..15-

205 887 277 954 dem
300 892 384 966 sunt,
409 891 444 952 at
465 905 529 951 non
552 904 695 968 corpora.
743 889 969 969 lnoorporeum
989 886 1130 970 spatium
1145 889 1256 952 autem
1276 889 1325 951 ast

205 993 239 1055 rb
261 989 351 1055 κενόν
375 988 486 1068 solnm,
510 1008 573 1053 non
596 987 683 1052 loeus
706 1009 807 1072 neque
828 987 918 1068 illud,
943 987 1029 1071 quod
1052 986 1149 1054 Stoici
1172 987 1326 1072 singulari

355 1199 444 1283 ματά
466 1223 542 1281 φασι
563 1199 643 1285 μήτε
667 1198 731 1262 τινὰ
754 1197 831 1262 εἶναι
852 1198 931 1283 μήτε
960 1197 1042 1276 ποιά,
1066 1196 1181 1260 ὡσανεὶ
1203 1195 1239 1259 δέ
1260 1217 1327 1260 τινα

359 1303 407 1365 καὶ
441 1303 553 1366 ὡσανεὶ
585 1302 656 1366 ποιὰ
685 1303 892 1386 φαντάσματα
920 1303 1033 1388 ψυχῆς·
1080 1301 1173 1362 ταῦτα
1204 1297 1240 1362 δὲ
1270 1297 1328 1361 ὑπὸ

358 1409 421 1468 τῶν
448 1405 589 1493 ἀρχαίων
616 1403 703 1478 λδέας
730 1403 1029 1488 προςαγορεύεσδαι.
1080 1401 1145 1466 Τῶν
1167 1401 1227 1487 γὰρ
1250 1401 1329 1466 κατὰ

361 1509 398 1572 τὰ
420 1507 596 1594 ἐννοήματα
619 1508 850 1571 ὑποπιπτόντων
878 1505 955 1590 εἶναι
981 1506 1035 1579 τὰς
1062 1504 1162 1585 ἰδέας,
1191 1503 1255 1568 οἷον
1278 1504 1331 1568 άν-

360 1610 511 1696 ιλρώπιον,
534 1611 648 1684 ἵππιον,
679 1611 856 1696 κοινότερον
883 1611 977 1674 εἰπεῖν
1006 1611 1129 1673 πάντων
1153 1607 1215 1672 τῶν
1239 1607 1329 1695 ζῴων

213 1765 369 1775 ----.--.-.

394 1859 421 1906 et
439 1867 532 1905 verum
553 1855 580 1904 et
598 1849 694 1903 falsum
712 1847 830 1918 ἀξίιυμα,
849 1853 939 1902 tamen
958 1849 1079 1917 Septieos
1098 1849 1177 1904 facile
1196 1850 1329 1902 refutatu·

395 1954 439 1991 ros
452 1952 511 1992 esse
523 1937 596 1990 illam
610 1937 769 2004 opinionem.
802 1938 891 2002 Atque
903 1935 1022 2002 ipsorum
1041 1934 1252 2002 dogmatioornm
1271 1949 1329 1989 ver·

399 2025 438 2077 bis
450 2036 546 2076 usuros
567 2035 612 2074 eos
631 2021 748 2074 victuros
767 2034 833 2072 esse.
863 2019 927 2073 Illos
947 2020 1016 2074 enim
1035 2020 1134 2074 dixisse
1153 2022 1184 2073 rb
1206 2021 1327 2091 ὑπάρχον

395 2114 437 2163 est
449 2110 480 2161 τὸ
499 2107 697 2175 καταληπτικὴν
710 2109 801 2156 κινοῦν
821 2107 974 2174 φαντασίαν
989 2112 1017 2158 et
1029 2121 1111 2174 porro
1131 2105 1327 2175 »καταληπτικὴ

394 2196 454 2246 ἐστι
482 2193 614 2260 φαντασία
637 2194 653 2263 η
678 2192 730 2243 άπὸ
755 2191 927 2262 ὑπάρχοντος
949 2191 1007 2244 κατ’
1032 2193 1098 2247 αδτδ
1121 2192 1154 2245 τδ
1178 2193 1329 2263 ὑπάρχον(

392 2280 488 2347 ltaque
504 2279 638 2350 repignota
651 2276 711 2331 illos
729 2277 849 2344 ignotam
868 2277 1003 2332 illustrare
1022 2279 1121 2332 oonari.
1135 2309 1167 2318 -
1180 2279 1330 2347 (Hactenus

392 2365 511 2429 Sextus).

273 2450 397 2518 Agedum
417 2465 492 2514 vero,
512 2453 542 2501 ut
561 2447 716 2516 intellegas,
742 2449 862 2516 quisnam
882 2447 930 2510 sit,
949 2463 1028 2516 qnam
1046 2447 1145 2503 Sextus
1164 2449 1272 2502 studeat
1289 2463 1331 2502 re·

206 2538 308 2601 tallere,
329 2550 454 2604 compara
468 2534 546 2600 Diog.
560 2533 650 2588 Laert.
663 2534 725 2596 Vll,
738 2539 784 2590 54:
808 2530 987 2604 [νίίριτήριον
1000 2534 1030 2586 δὲ
1047 2540 1095 2604 τῆς
1113 2534 1243 2604 άληδείας
1261 2535 1330 2602 φασί

207 2623 353 2694 τυγχάνειν
372 2621 420 2688 τὴν
441 2619 638 2689 καταληπτικὴν
661 2622 827 2690 φαντασίαν,
851 2622 978 2674 τουτέστι
1001 2622 1051 2690 τὴν
1075 2620 1128 2672 ἀπὸ
1149 2620 1328 2690 ὑπάρχοντος,

206 2711 281 2762 καθά
299 2725 367 2778 φησι
386 2705 541 2774 Χρύσιππος
560 2706 589 2756 ἐν
613 2709 650 2776 τῇ
669 2707 809 2778 δωδεκάτῃ
830 2712 883 2760 τῶν
908 2709 1066 2774 φυσικῶνι].
1108 2705 1231 2760 Dilucide
1250 2705 1332 2775 igitur

203 2794 248 2847 bio
266 2794 340 2846 loeus
361 2809 375 2844 e
397 2791 541 2858 Chrysippi
560 2789 629 2842 libro
648 2791 754 2845 citatur.
791 2791 892 2858 Quodsi
911 2791 1059 2860 addideris,
1077 2791 1196 2846 breviter
1217 2793 1332 2846 eandem

204 2879 394 2933 refutationem
417 2879 470 2930 iam
491 2877 518 2928 in
538 2876 654 2929 eiusdem
670 2877 743 2930 Sexti
757 2877 816 2930 libri
833 2878 908 2940 Vlll,
928 2878 987 2948 §11
1009 2877 1124 2945 proferri
1142 2877 1255 2931 adiectis
1273 2893 1331 2931 ver·

203 2965 255 3017 bis:
278 2964 336 3016 νκαλ
350 2967 396 3032 τῆς
415 2963 464 3027 μὲν
484 2961 594 3030 πρώτης
612 2961 694 3032 δόξης
712 2965 916 3032 προεστήκασιν
935 2965 958 3015 ολ
976 2963 1030 3016 ἀπὸ
1050 2967 1097 3032 τῆς
1116 2965 1224 3033 στοᾶςι,
1245 2963 1330 3017 omnis

203 3051 314 3117 dempta
334 3049 386 3100 erit
405 3046 547 3102 dubitatio.
577 3047 625 3108 (Et
642 3047 701 3115 ipse
721 3048 795 3102 locus
812 3049 828 3118 ᾗ
843 3053 943 3104 11-12
961 3050 1044 3116 igitur
1063 3049 1181 3118 pertinet
1198 3049 1233 3104 ad
1248 3049 1331 3118 Chry·

204 3136 330 3204 sippnm.l

220 3223 326 3277 87-90
361 3220 490 3274 revellere
507 3220 596 3286 pergit
609 3219 787 3288 Chrysippum
802 3221 900 3275 Sextus
913 3237 973 3276 enm
986 3222 1163 3289 demonstret,
1180 3221 1330 3276 Stoioorum

393 3306 576 3368 ἀντικείμενον
596 3304 674 3359 nihili
693 3320 759 3359 esse.

220 3395 323 3446 91-93
358 3389 466 3453 ἀξίωμα
485 3396 512 3444 et
532 3390 668 3459 ἀπόφασις
687 3393 811 3445 notiones
830 3393 901 3446 inter
918 3408 946 3447 se
965 3408 1099 3461 pugnare;

221 3479 340 3531 93—112
358 3474 464 3539 ἀξίωμα
482 3491 569 3544 neque
592 3475 705 3543 simplex
724 3491 812 3544 neque
832 3479 1008 3545 compositum
1027 3493 1099 3552 esse;

207 3565 340 3617 lla-123
359 3561 391 3614 de
410 3561 586 3630 συνημμένης

207 3651 341 3703 lad-130
358 3648 391 3700 de
410 3648 654 3719 συμπεπληγμένῳ;
675 3651 725 3702 130
743 3648 868 3702 universa
887 3648 1017 3704 refutatio
1036 3650 1134 3703 iterum
1155 3648 1327 3717 comproben-

391 3733 471 3786 ditur.

207 3823 341 3876 rao-136
360 3820 448 3874 altera
467 3817 564 3873 deinde
583 3819 616 3873 de
636 3833 701 3873 vooe
720 3821 854 3874 sententia
872 3820 1050 3888 (Cleanthisll
1069 3821 1209 3875 refutatur.

293 3909 340 3961 137
359 3905 474 3972 δεοίατο
502 3905 674 3972 progreditur
702 3905 850 3972 disputatio
876 3905 910 3959 ad
937 3901 1045 3960 tertiam
1069 3907 1142 3961 illam
1166 3907 1331 3976 opinionem.

359 3991 433 4058 Quae
447 3988 554 4057 quidem
567 3989 618 4044 boo
636 3990 694 4045 loco
714 3989 795 4044 alaris
814 3989 902 4044 verbis
920 3991 1022 4046 Zenoni
1040 3991 1175 4048 tribuitur.
1205 3993 1240 4046 el.
1260 3993 1330 4048 infra

357 4092 382 4144 p.
398 4079 432 4130 28
450 4074 499 4142 llo.
512 4075 580 4130 38.'

273 4162 374 4230 Quodsi
392 4179 406 4216 e
425 4162 477 4216 boo
501 4163 561 4216 loeo
586 4178 638 4217 non
663 4170 736 4218 certo
756 4163 849 4231 colligi
869 4168 972 4232 potest,
997 4164 1131 4218 Zenonem
1150 4179 1216 4218 voce
1234 4163 1328 4217 λεκτόν

205 4264 257 4303 non
281 4264 339 4304 esse
363 4264 453 4316 nsum,
481 4255 572 4302 tamen
598 4249 736 4317 probabile
764 4251 855 4303 evadit
880 4257 1037 4318 comparato
1062 4249 1121 4305 loeo
1146 4249 1226 4305 Olem.
1251 4249 1331 4304 Alex.

205 4340 295 4389 strom.
310 4333 388 4393 Vlll.
407 4349 432 4399 p.
446 4336 498 4388 784
515 4334 586 4400 Sylb.
607 4351 623 4402 p
646 4339 711 4396 930,
733 4339 762 4390 15
782 4335 867 4388 Poll:
888 4335 970 4386 λεκτὰ
987 4337 1043 4402 γὰρ
1063 4335 1096 4386 τὰ
1114 4335 1328 4406 κατηγορήματα

204 4420 316 4472 καλοῦσι
339 4415 483 4488 Κλεάνθης
508 4420 552 4472 καί
567 4416 734 4490 Ἀρχέδημος.
771 4422 804 4472 cl'.
823 4419 873 4472 No.
897 4425 935 4473 14.
973 4421 1035 4474 Veri
1060 4421 1143 4488 igitur
1167 4421 1328 4476 simillimum

205 4505 314 4561 videtur
333 4506 490 4561 Cleanthem
509 4506 623 4576 primum
642 4506 713 4562 hano
730 4509 865 4562 notionem
884 4508 1062 4576 usurpavisse.
