3228 4972
434 1114 473 1208 [ι.
505 1112 581 1214 DE
610 1109 855 1214 ZENONIS
885 1109 983 1232 QUI
1014 1108 1257 1214 DICITUR

620 1261 1063 1406 „PANTHEISMO“.

376 1576 497 1657 Quodsi
531 1576 564 1640 in
597 1575 815 1660 quaestionem
852 1573 1055 1656 inquirimus,
1086 1594 1161 1640 num
1192 1575 1288 1659 igitur
1322 1577 1408 1642 Zeno

284 1701 415 1768 prorsus
435 1679 521 1745 idem
544 1698 616 1744 esse
639 1677 735 1743 deum
758 1683 790 1743 et
814 1677 966 1743 mundum
993 1676 1154 1754 docuerit,
1183 1677 1276 1742 simul
1299 1683 1332 1744 et
1353 1700 1407 1746 ne-

284 1785 424 1870 gandum
446 1782 574 1847 videtur
597 1785 630 1846 et
651 1779 897 1845 eoncedendum.
945 1778 1029 1844 Vere
1044 1779 1128 1844 enim
1145 1780 1284 1844 essentia
1300 1800 1408 1863 euque

285 1905 440 1974 corpores
465 1905 562 1952 unum
588 1883 789 1967 eundemque
811 1902 881 1948 esse
903 1881 1058 1947 mnndum
1078 1887 1176 1965 utque
1190 1881 1285 1947 deum
1308 1889 1341 1966 et
1363 1885 1408 1949 vi·

284 2089 423 2156 Nontb.
439 2089 525 2154 Sext.
550 2089 640 2172 Emp.
664 2087 765 2154 Math.
790 2087 844 2166 lx,
868 2087 922 2154 75:
954 2091 1117 2171 σκοπῶμεν
1140 2087 1176 2151 δὲ
1197 2088 1249 2152 καὶ
1271 2091 1328 2153 τὸν
1346 2091 1407 2154 ἀπὸ

438 2195 492 2276 τῆς
506 2189 561 2256 τοῦ
578 2190 774 2278 περιέχοντος
795 2189 1039 2278 διακοσμήσεως.
1075 2192 1094 2276 ἡ
1111 2189 1213 2254 τοίνυν
1232 2191 1407 2256 τῶνόντων

436 2364 478 2428 76,
497 2364 599 2416 22-23
617 2359 666 2430 τὴν
688 2357 751 2429 ίίλην
770 2359 929 2429 κινρυμίνην
949 2373 1010 2413 oum
1028 2358 1079 2413 Nu.
1095 2363 1133 2416 19.
1152 2363 1186 2416 20
1204 2359 1316 2426 δύναμιν
1335 2379 1405 2433 κινη-

437 2450 510 2519 τικὴν
530 2452 578 2518 τῆς
595 2445 659 2517 ὅλης

386 2539 410 2590 3.
437 2538 480 2602 76,
497 2538 532 2589 24
550 2532 668 2600 εὐλόγως
680 2532 713 2585 ἂν
727 2533 914 2597 σκεπτοίμεθα
934 2548 993 2588 oum
1011 2532 1059 2586 No.
1073 2535 1107 2588 47
1125 2532 1245 2600 εὐλόγως
1257 2529 1289 2584 ἂν
1303 2532 1404 2604 τιμῴης

386 2626 410 2678 4.
436 2623 478 2689 76,
496 2621 598 2675 26-27
617 2620 746 2687 καθάπερ
764 2620 827 2689 ἡμῖν
847 2620 920 2691 ψυχὴ
940 2621 1101 2690 πεφοίτηκεν
1121 2634 1181 2672 oum
1200 2619 1250 2675 No.
1274 2622 1328 2674 100,

436 2710 479 2774 76,
497 2709 598 2762 76-27
618 2705 729 2770 δύναμίν
749 2725 808 2759 τινα
828 2705 864 2759 δι’
883 2707 967 2776 αὐτῆς
989 2707 1035 2775 (so.
1056 2711 1104 2774 τῆς
1120 2703 1195 2776 ὅλης)
1210 2709 1404 2776 πεφοιτηκυῖαν

437 2810 497 2849 oum
516 2793 566 2848 No.
584 2796 618 2846 48
637 2794 679 2845 διὰ
697 2794 785 2863 πάρης
803 2794 899 2854 οὐσίας
916 2793 1107 2864 πεφοιτηκέναι
1125 2794 1172 2845 τὸν
1190 2792 1268 2846 θεόν.

386 2886 410 2936 6.
437 2881 480 2948 77,
498 2885 514 2934 b
533 2878 565 2931 τὸ
588 2879 745 2950 γεννητικὸν
770 2879 879 2947 λογικοῦ
902 2921 908 2932 .
933 2922 939 2934 .
963 2879 1031 2932 αὐτὸ
1054 2878 1160 2947 λογικόν
1180 2879 1252 2931 ἐστιν
1271 2878 1325 2932 κτλ.
1345 2892 1406 2931 num
1468 2913 1472 2918 ·

437 2965 487 3020 No.
507 2968 569 3033 ³⁶7·
610 2964 727 3018 Mundus
757 2971 868 3032 generet
893 2965 1092 3019 animantes..
1116 2965 1237 3018 enimuus
1261 2970 1302 3018 est
1324 2964 1408 3032 igitur

437 3049 558 3106 mundus.
577 3050 612 3104 rt.
629 3049 679 3103 No.
698 3052 761 3116 687.

386 3140 409 3193 6.
436 3138 479 3202 78,
494 3138 525 3190 12
537 3135 609 3203 φυτὰ
618 3135 662 3187 καὶ
676 3137 732 3206 ζῷα
744 3136 836 3190 Zenon
849 3134 917 3188 solet
929 3149 1059 3204 usurpare
1072 3135 1223 3205 coniuncte,
1235 3135 1264 3190 ef
1282 3136 1332 3192 No.
1345 3136 1407 3203 23ss

437 3220 494 3273 nior
514 3221 542 3273 ἰν
561 3221 656 3288 φυτοῖς
674 3220 733 3273 ἐστι
751 3221 794 3273 καί
814 3219 899 3292 ζῴοις.

387 3311 410 3364 7.
438 3310 479 3375 82,
502 3311 530 3362 11
549 3305 597 3375 τὴν
616 3306 685 3358 κατὰ
702 3303 795 3359 ἄνεσιν
814 3307 857 3359 καί
874 3306 923 3375 τὴν
937 3307 1005 3358 κατὰ
1024 3308 1192 3370 συυπιεσμὸν
1211 3307 1344 3360 διάθεσιν.
1372 3308 1405 3361 ot.

436 3393 496 3449 ndu.
515 3391 549 3448 ud
567 3391 617 3446 No.
631 3395 672 3447 99:
708 3393 876 3460 septenisve
895 3395 944 3445 τοῦ
962 3393 1052 3445 τόνου.
1089 3394 1149 3446 Aet.
1168 3391 1241 3447 Pluo.
1261 3393 1298 3460 V,
1316 3396 1363 3459 24,
1381 3399 1406 3447 4.

437 3477 507 3532 Plut.
531 3477 571 3530 Pi.
591 3477 628 3543 V,
647 3480 688 3530 24.
712 3477 792 3543 (Dox.
811 3493 837 3546 p.
856 3480 929 3544 436):
959 3473 1071 3529 Πλάτων
1097 3479 1123 3529 oi
1147 3475 1260 3532 Στωικοί
1283 3479 1330 3530 τὸν
1356 3480 1406 3542 μὲν

436 3561 516 3616 λίκνον
535 3562 660 3632 γίνεσθαι
678 3562 769 3615 ἀνέσει
786 3565 836 3614 τοῦ
855 3563 1015 3631 τιλστλητικοῦ
1034 3563 1194 3627 πνεύματος.

385 3655 409 3706 8.
436 3653 482 3719 86,
506 3652 553 3704 76ι
590 3649 621 3700 οὐ
644 3649 699 3717 γὰρ
728 3648 786 3701 οἷόν
811 3667 842 3702 τε
867 3649 900 3702 τὸ
926 3649 987 3701 ὅλον
1014 3653 1066 3702 τοῦ
1092 3652 1194 3718 μέρους
1215 3652 1312 3721 χεῖρον
1337 3649 1408 3704 εἶναι

438 3736 471 3789 of.
489 3733 540 3790 No.
558 3735 617 3801 68ss
634 3733 840 3790 &torriditate
859 3735 891 3788 τὸ
909 3734 994 3802 μέρος
1011 3739 1046 3808 τῇ
1064 3736 1177 3799 δυνάμει
1195 3740 1318 3790 τοιοῦτον
1336 3737 1407 3790 πολὺ

436 3821 576 3890 πρότερόν
595 3822 705 3875 ἐστιτὰ
723 3822 794 3875 ὅλον.
814 3823 847 3877 of.
866 3821 916 3875 No.
934 3824 997 3889 767.

386 3913 410 3964 9.
438 3911 480 3976 86,
499 3910 534 3963 30
552 3905 658 3979 ἔηψυχιί
676 3926 737 3961 τινα
755 3909 797 3960 καλ
816 3908 900 3976 νοερὰ
919 3949 924 3961 .
944 3947 949 3960 .
971 3909 1030 3967 ζῶα
1047 3924 1108 3962 eum
1127 3907 1176 3962 No.
1195 3913 1242 3964 45:
1267 3909 1337 3968 ζῶον
1362 3907 1406 3972 ἔμ·

439 3995 526 4063 ψυχον
547 3993 643 4063 νοερόν
663 3992 756 4046 τεκαὶ
775 3991 880 4060 λογικόν
900 3998 927 4044 ot
944 3991 1049 4048 11638.

374 4081 412 4133 10.
441 4077 482 4132 An
505 4078 664 4131 sententium
689 4076 799 4131 locist.
823 4078 856 4133 87
879 4076 994 4130 fortusse
1017 4077 1151 4145 pertinent
1174 4077 1296 4132 Leetent
1322 4078 1405 4132 instit.

437 4164 540 4232 Vll,7,
562 4167 592 4220 13
616 4178 673 4218 esse
696 4163 796 4218 inferos
820 4163 892 4218 Zeno
915 4165 1014 4218 stoicus
1038 4162 1130 4218 docuit
1154 4171 1180 4217 et
1203 4164 1278 4218 sedes
1301 4163 1406 4231 piorum

437 4249 471 4304 nb
489 4249 577 4318 impiis
595 4264 653 4304 esre
672 4250 804 4305 discretos
823 4257 850 4303 et
868 4249 928 4305 illos
946 4250 1052 4319 quidem
1070 4250 1176 4318 quietus
1188 4264 1221 4304 eo
1234 4247 1407 4304 delectabiles

436 4336 554 4392 incolere
576 4335 712 4404 regiones,
735 4338 784 4390 hos
806 4351 869 4389 vero
894 4336 968 4388 luere
993 4351 1093 4404 poenos
1118 4335 1144 4388 in
1169 4334 1317 4389 tenebrosis
1341 4333 1407 4389 locis

437 4430 518 4494 utque
537 4425 563 4476 in
583 4422 659 4477 ononi
678 4422 848 4492 voraginibus
867 4422 1008 4477 horrendis
