3228 4972
656 585 866 646 ..'31..

201 773 307 836 dimus
323 778 355 836 et
366 793 397 854 p.
415 771 454 834 37
474 792 570 835 unum
592 770 651 835 sub
668 771 855 854 adspectum
872 771 1073 836 subiciemus.
1107 771 1209 836 Unum
1226 772 1323 852 igitur

199 881 231 938 et
246 875 330 939 idem
355 876 390 936 τὺ
407 875 526 960 πάσχον
543 880 576 938 et
599 876 633 936 τὸ
651 873 766 938 notorio.
792 911 830 922 -
855 874 1024 938 Attamen
1041 875 1178 940 mundus
1193 873 1322 956 peribit,

203 977 279 1042 deus
303 976 458 1054 manebit3
483 976 567 1058 quod
590 976 724 1040 inveniri
747 982 854 1058 potest
877 977 980 1064 maius
997 975 1187 1040 discrimen?
1211 1013 1251 1022 -
1274 974 1321 1037 En
1410 967 1412 971 ’

199 1080 264 1159 ilia,
288 1101 369 1162 quae
392 1080 522 1162 saepius
545 1087 699 1158 occurret,
724 1079 872 1142 Citiensis
895 1099 966 1142 cum
991 1077 1062 1160 ipso
1087 1077 1251 1142 dissensio.

349 1320 447 1397 odoia,
473 1320 579 1401 φασίν,
604 1319 746 1417 α’κίνηηος
764 1317 843 1380 οὖσα
861 1317 899 1389 ἐξ
912 1317 1008 1402 αὐτῆς
1027 1319 1076 1378 καὶ
1098 1317 1323 1404 ἀσχημάτιστος

348 1422 406 1484 ὑπό
421 1445 503 1496 τινος
518 1423 615 1497 αἰτίας
637 1422 755 1507 ὀφείλει
778 1421 927 1484 κινεῖσθαί
941 1443 975 1482 τε
996 1422 1046 1483 καὶ
1066 1419 1322 1507 σχηματίζεσθαι·

351 1527 400 1588 καὶ
422 1525 474 1588 διὰ
496 1529 598 1604 τοῦτο,
623 1527 668 1599 ὡς
687 1525 914 1612 χαλκούργημα
929 1525 1109 1607 περικαλλὲς
1132 1524 1322 1606 θεασάμενοι

281 1733 319 1782 ll.
348 1733 381 1782 86
399 1730 432 1782 ud
455 1729 588 1781 Zenonem
608 1727 743 1793 pertinere
762 1725 877 1792 denique
899 1725 1068 1787 iam3Hirzel
1088 1726 1103 1776 l.
1125 1725 1142 1778 i.
1163 1726 1197 1787 tt,
1217 1742 1247 1792 p.
1263 1730 1322 1790 218,

352 1815 410 1867 udn.
433 1818 444 1866 l
1282 1872 1289 1879 ,

193 1901 316 1952 coniecit.
354 1899 423 1951 »Bei
448 1901 519 1950 Sext.
541 1899 619 1964 Emp.
638 1897 697 1950 adv,
718 1899 803 1964 dogm.
823 1898 877 1961 111,
900 1895 1000 1961 8lff.a‚
1025 1898 1125 1964 inquit,
1150 1898 1235 1950 »wind
1261 1897 1321 1950 dem

194 1985 297 2046 Ιιιιὶσμσς
321 2001 372 2036 nur
396 1984 455 2035 sine
473 1982 566 2050 φύσις,
591 1983 665 2034 nicht
690 1985 748 2034 eine
773 1984 846 2051 ψυχὴ
871 1981 1081 2048 zugeschriebcn
1104 1983 1170 2047 (vgl.
1196 1982 1249 2034 bes.
1269 1985 1322 2050 84),

196 2084 225 2121 so
245 2070 313 2121 nahe
333 2069 382 2138 das
400 2069 513 2120 letztere
532 2068 616 2120 durch
636 2068 679 2120 die
692 2067 843 2120 Pr'amtsssn
862 2067 909 2119 des
928 2067 1065 2120 Schlusses
1085 2067 1174 2133 gelegt
1192 2083 1253 2120 war.
1285 2067 1322 2120 Es

194 2155 228 2206 ist
242 2154 307 2206 aber
320 2157 395 2206 nicht
413 2153 679 2216 unwahrscheinlich‚
700 2153 760 2204 dass
778 2153 877 2220 gerede
897 2153 984 2204 dieser
999 2152 1142 2204 Abschnitt
1162 2153 1322 2218 wenigstens

194 2239 321 2291 teilweise
345 2239 393 2290 aui
414 2238 506 2289 Zenon
530 2239 722 2305 zuruckgeht.u
764 2241 801 2290 At
824 2237 916 2289 Hirzel
941 2253 1082 2304 perperam
1109 2239 1219 2289 Sextum
1245 2239 1321 2290 intel·

194 2323 267 2375 iexit.
305 2324 450 2389 Postquam
469 2327 499 2376 81
528 2324 738 2376 demonstratum
763 2332 818 2389 est,
843 2339 986 2390 corporum
1004 2325 1031 2374 in
1050 2324 1180 2376 unitatem
1199 2324 1320 2376 reducto·

194 2423 250 2459 runt
272 2409 455 2476 (ἡνοιομέναιν)
475 2409 528 2460 tria
546 2423 646 2474 genera
665 2423 735 2461 esse:
755 2409 788 2459 τὰ
804 2411 853 2471 μὲν
869 2410 919 2460 ὑπὸ
940 2409 1020 2475 ψιλῆς
1038 2406 1122 2467 ἕξεως
1141 2408 1321 2478 σανεχόμενα,

193 2494 226 2543 τὰ
250 2494 279 2544 δὲ
306 2494 358 2545 ὑπὸ
381 2495 503 2560 φύσεως,
528 2496 562 2545 τὰ
587 2495 617 2546 δὲ
640 2495 692 2546 ὑπό
717 2497 818 2563 ψυχῆς,
844 2494 921 2547 addit
943 2494 970 2545 in
993 2494 1088 2546 horum
1112 2495 1192 2546 trium
1211 2509 1322 2547 numero

196 2578 278 2630 etiam
297 2578 423 2630 mundum
443 2594 502 2632 esse
521 2579 681 2648 ponendum.
715 2579 796 2632 Primi
815 2581 919 2646 generis
937 2588 1028 2632 autem
1047 2596 1107 2633 eum
1126 2595 1183 2632 esse
1202 2581 1322 2648 nequire.

194 2663 297 2716 Deinde
315 2665 342 2717 in
361 2671 376 2731 ᾗ
395 2669 430 2718 84
448 2665 550 2732 pergit:
576 2663 599 2714 εἰ
618 2666 649 2715 δὲ
668 2666 706 2732 μὴ
726 2665 777 2716 ὑπὸ
797 2665 899 2734 ταύτης
918 2669 975 2732 (τῆς
993 2667 1072 2733 ψιλῆς
1090 2664 1195 2732 ἕξεως),
1213 2665 1323 2723 πάντας
1397 2707 1398 2711 ,

194 2749 244 2800 ὑπὸ
261 2750 382 2814 φύσεως·
409 2751 453 2801 καὶ
472 2752 527 2818 γὰρ
553 2752 586 2802 τὰ
606 2751 657 2802 ὑπὸ
676 2754 765 2820 ψυχῆς
784 2751 1002 2818 διακραταύμενα
1021 2753 1090 2802 πολὺ
1108 2751 1249 2818 πρότερον
1269 2751 1320 2802 ὑπὸ

193 2833 302 2898 φύσεως
328 2836 477 2906 συνείχετο.
520 2837 623 2904 ἀνάγκη
650 2833 705 2904 ἅμα
730 2837 781 2888 ὑπὸ
806 2844 855 2905 τῆς
878 2837 993 2905 ἀρίστης
1017 2836 1101 2886 αὐτὸν
1124 2834 1234 2900 φύσεως
1259 2853 1321 2887 σαν-

125 2912 130 2916 ’
194 2919 323 2989 ἔχεσθαι,
350 2918 410 2970 ἐπεὶ
433 2923 476 2972 καὶ
500 2923 622 2992 περιέχει
640 2923 688 2980 τὰς
706 2922 816 2973 πάντων
835 2922 938 2988 φύσεις,
958 2923 1013 2974 κτλ.
1050 2921 1129 2974 Ponit
1148 2921 1243 2987 igitur,
1261 2935 1322 2974 uum

193 3006 333 3071 superiore
356 3021 463 3073 quaque
486 3017 584 3060 natura
608 3007 742 3060 inferioris
768 3024 874 3075 quoque
898 3009 1055 3075 qualitatem
1080 3008 1232 3067 conteneri,
1264 3013 1321 3058 tum

192 3089 320 3142 mundum
339 3106 398 3144 esse
418 3092 580 3144 animantem
598 3093 660 3159 (ὑπὸ
679 3096 767 3163 ψυχῆς
786 3093 1036 3160 δισκματούμενον).
1065 3091 1130 3145 Cum
1149 3092 1241 3156 igitur,
1260 3106 1320 3145 con-

190 3176 288 3242 cludit,
311 3178 425 3230 mundus
450 3179 571 3230 animans
596 3181 643 3239 sit,
668 3185 756 3246 patet,
773 3193 835 3232 eum
855 3187 951 3231 natura
970 3175 1161 3245 comprehendi
1185 3177 1247 3242 (ὑπὸ
1272 3176 1322 3243 φό·

191 3279 261 3319 σεως
286 3263 476 3332 συνέχεσθαι).
508 3264 540 3314 cf.
565 3262 616 3315 No.
635 3265 695 3328 68ss
719 3265 784 3316 tides
809 3263 867 3315 οἶόν
892 3266 951 3316 ἐστι
978 3265 1010 3315 τι)
1033 3265 1119 3331 μέρος
1146 3264 1183 3331 τῇ
1208 3263 1321 3324 δυνάμει

190 3350 317 3397 τοιοῦτον
343 3347 410 3398 πολὺ
433 3346 572 3414 πρότερόν
598 3348 655 3399 ἐστι
683 3349 714 3399 τὸ
737 3348 807 3402 ὅλον,
836 3349 894 3415 (En
919 3350 1058 3401 Zenoneus
1079 3347 1173 3400 modus
1195 3346 1321 3414 dicendi.)

191 3430 225 3481 cf.
244 3430 360 3498 denique
379 3431 429 3484 No.
447 3431 519 3496 eeu:
546 3430 612 3498 ὃδὴ
636 3432 717 3498 φύσις
736 3431 795 3483 ἐστὶ
817 3435 861 3483 καὶ
879 3433 962 3502 ψυχή.
991 3433 1041 3485 No.
1060 3435 1107 3484 48:
1133 3431 1179 3480 καί
1195 3447 1247 3483 που
1270 3431 1319 3493 μὲν

190 3513 260 3566 εἶναι
279 3520 342 3566 νοῦν
369 3517 397 3584 (i.
417 3533 440 3569 e.
459 3516 552 3569 mundi
570 3517 751 3583 principatum
759 3521 777 3582 ‚)
794 3519 845 3568 ποὺ
864 3519 894 3568 δὲ
914 3519 1016 3587 ψυχήν,
1036 3518 1087 3569 ποι)
1106 3517 1135 3566 δὲ
1153 3520 1248 3582 φασιν,
1268 3517 1321 3568 ποὺ

189 3601 219 3651 δὲ
238 3599 303 3658 ἕξιν.
340 3600 389 3655 No.
409 3602 469 3666 68ss
487 3603 577 3670 πάσης
594 3605 649 3671 γὰρ
667 3604 779 3669 φύσεως
797 3605 840 3655 καὶ
860 3607 950 3673 ψυχῆς
969 3647 974 3656 .
995 3646 1000 3656 .
1019 3603 1060 3656 Nu
1088 3603 1157 3655 50d:
1183 3617 1256 3654 anon
1274 3617 1318 3654 nu·

190 3695 293 3750 turam,
319 3688 365 3741 sed
385 3689 524 3740 animam«
562 3688 707 3760 <Ceterum
731 3690 892 3742 simillimum
917 3689 1004 3742 locum
1031 3688 1149 3742 invenies
1173 3687 1247 3754 apud
1266 3687 1318 3740 Cio.

189 3772 222 3824 de
240 3779 295 3824 net.
322 3772 395 3826 deor.
416 3773 450 3838 11,
472 3779 512 3836 ll,
531 3778 578 3827 30:
604 3775 748 3827 »Videmus
770 3781 861 3827 autem
884 3776 912 3828 in
935 3775 1059 3842 partibus
1082 3772 1226 3825 mundi-
1252 3773 1320 3824 nihii

188 3862 229 3910 est
255 3858 325 3910 enim
350 3859 468 3910 inomni
490 3859 589 3912 mundo
615 3859 686 3925 quod
711 3875 764 3911 non
783 3875 846 3926 pars
864 3861 982 3912 universi
1002 3858 1036 3910 sit
1056 3889 1085 3897 -
1105 3857 1193 3910 inesse
1213 3872 1319 3911 sensum

189 3949 216 3995 et
234 3941 374 3997 rationem.
413 3942 444 3994 ln
470 3958 501 3996 ea
524 3950 602 4010 parte
625 3943 721 4010 igitur,
744 3943 772 3996 in
791 3959 845 4011 qua
868 3944 959 3997 mundi
982 3945 1053 3997 inest
1077 3943 1247 4010 principatus
1264 3945 1319 4011 (cui

190 4027 298 4094 quidem
318 4030 464 4096 respondet
482 4031 556 4100 ψυχὴ
573 4031 646 4097 apud
664 4032 796 4098 Sextum),
815 4031 882 4083 haec
894 4032 982 4083 inesse
995 4045 1105 4082 necesse
1118 4035 1160 4081 est
1173 4036 1200 4081 et
1213 4029 1319 4082 acriora

161 4111 297 4179 ·quidem
325 4122 407 4181 atque
434 4115 544 4168 maiora.
587 4113 720 4182 Quocirca
743 4117 891 4183 sapientem
915 4130 972 4169 esse
991 4117 1118 4168 mundum
1143 4128 1253 4170 necesse
1277 4123 1319 4167 est

186 4204 368 4267 naturamque
388 4216 461 4270 eam,
480 4215 549 4269 quae
568 4217 612 4255 res
630 4217 723 4256 omnes
741 4202 884 4271 complexa
901 4209 1001 4270 teneat,
1021 4203 1189 4270 perfectione
1206 4206 1318 4259 rationis

187 4282 331 4348 excellere,
351 4300 437 4353 eaque
456 4286 535 4340 deum
554 4301 613 4340 esse
632 4287 776 4341 mundum«
796 4293 824 4340 et
841 4290 913 4353 cet.)

257 4367 350 4423 Hirzel
363 4377 458 4424 contra
470 4386 520 4438 pro
532 4371 619 4442 domo,
639 4378 669 4426 ut
688 4373 726 4425 ita
744 4372 841 4441 dicam,
860 4374 970 4427 Sextum
989 4373 1193 4442 interpretatur.
1224 4375 1318 4430 Osten-
