3228 4972
763 556 971 618 ..32-

388 736 541 802 Mundum
566 737 661 802 deum
690 759 759 804 esse
788 738 944 820 deelarat3
973 742 1183 808 aimundum
1211 745 1429 828 interiturum,

303 839 397 904 deum
427 860 683 924 permansurum.
734 840 846 925 Neque
872 848 979 908 tamen
1007 845 1128 910 variam
1156 847 1430 934 multiplicemque

304 943 495 1024 qualitatum
520 943 659 1026 speeiem
684 964 718 1008 re
741 965 817 1009 vera
840 965 908 1010 esse
931 949 964 1009 et
984 966 1053 1010 eam
1071 953 1238 1012 aeternam
1255 949 1427 1031 diffitetun;

301 1046 400 1112 immo
423 1046 610 1129 qualitates,
640 1047 756 1130 quibus
778 1047 867 1113 illam
896 1049 1050 1114 contineri
1078 1051 1110 1114 in
1133 1057 1285 1133 promptu
1308 1057 1358 1116 est
1384 1056 1430 1118 vi·

458 1291 617 1374 ποθοῦμεν
648 1287 763 1372 μαθεῖν
799 1289 850 1352 τιῖν
883 1289 1021 1376 τεχνίτην
1055 1290 1110 1352 ἅτε
1146 1287 1217 1350 καθ’
1246 1287 1340 1377 αὐτην
1375 1297 1430 1379 τῆς

457 1389 531 1476 ὅλης
559 1388 702 1476 ἀκινήτου
732 1389 948 1475 καθεστώσης,
980 1387 1062 1450 οὕτω
1093 1391 1141 1452 καὶ
1171 1395 1224 1477 την
1255 1398 1318 1455 τιον
1347 1394 1430 1457 olor

458 1492 530 1577 ὕλην
553 1490 752 1575 θεωροῦντες
773 1492 954 1577 κινουμένην
978 1492 1025 1553 καὶ
1048 1490 1082 1553 ἐν
1102 1496 1215 1578 μορφῇ
1238 1497 1341 1558 τεκαὶ
1364 1496 1431 1560 θια-

456 1594 605 1678 κοσμήσει
630 1594 843 1682 τυγχάνουσαν
867 1592 1004 1672 εὐλόγως
1028 1591 1064 1654 ἂν
1088 1595 1299 1679 σκεπτοίμεθα
1328 1601 1360 1658 τὸ
1391 1623 1432 1663 κι-

458 1695 530 1760 νσυν
557 1697 653 1781 αὐτὴν
681 1699 729 1759 καὶ
753 1695 924 1768 πολυειδῶς
952 1699 1099 1780 μορφοῦν
1127 1696 1232 1761 αἴτιον.
1277 1697 1369 1763 τοῦτο
1394 1701 1430 1763 δὲ

455 1799 510 1860 οὐκ
539 1798 612 1862 ἄλλο
635 1823 662 1862 τι
692 1799 821 1861 πιθανόν
851 1799 932 1861 ἐστιν
966 1796 1043 1860 εἶναι
1077 1797 1250 1884 ἢθύναμίν
1285 1824 1350 1863 τινα
1384 1802 1428 1866 δι’

456 1901 552 1985 αὐτῆς
574 1905 804 1986 πεφοιτηκυῖαν,
829 1900 973 1983 καθάπερ
995 1901 1068 1985 ημῖν
1090 1902 1170 1986 ψυχὴ
1196 1902 1390 1989 πεφοίτηκεν.

342 2053 348 2058 .
365 2051 503 2058 ...ο-..ι-ι-

301 2122 365 2176 dere
383 2121 453 2174 enim
473 2120 572 2187 studet,
591 2135 608 2173 a
624 2121 732 2174 Zenone
752 2120 879 2174 mundum
897 2119 1014 2172 nondum
1034 2117 1126 2181 deum,
1145 2121 1209 2188 quin
1229 2138 1262 2175 ne
1282 2125 1350 2192 ξῷον
1370 2123 1430 2190 qui·

299 2207 360 2261 dom
379 2221 437 2260 esse
456 2212 578 2273 putatum
598 2207 691 2274 (atque
709 2205 762 2260 hoo
780 2204 886 2274 quidem
906 2206 932 2258 in
952 2220 977 2272 p.
996 2208 1151 2272 ale-218).
1188 2208 1316 2262 Attamen
1334 2209 1430 2264 Zenon

301 2293 483 2362 compluribus
496 2294 562 2348 loeis
574 2294 661 2362 plania
675 2294 743 2347 hanc
761 2293 921 2347 sententiam
935 2293 1022 2360 aperit
1035 2290 1130 2345 verbis.
1160 2292 1193 2344 ci.
1207 2291 1257 2346 No.
1271 2299 1304 2349 45
1318 2303 1345 2347 et
1357 2295 1431 2350 infra

299 2397 323 2448 p.
348 2384 390 2435 36λ
434 2380 570 2448 [Ceterum
593 2379 684 2435 Hirzel
708 2396 733 2447 p.
753 2382 804 2437 217
829 2379 919 2433 nescio
949 2394 1003 2446 quo
1029 2395 1120 2433 errore
1146 2379 1275 2446 abreptus
1299 2380 1431 2447 Diogenis

299 2465 378 2532 (Vll,
406 2469 464 2522 143)
492 2465 620 2519 nonnulla
647 2465 729 2518 verba
753 2465 787 2518 ad
811 2465 945 2538 Zenonem
969 2463 1104 2532 pertinere
1129 2463 1296 2532 suspicatur,
1321 2481 1391 2533 quae
1415 2481 1430 2518 e

302 2550 445 2618 Chrysippi
469 2550 534 2617 περὶ
558 2552 685 2616 προνοίας
707 2551 775 2605 libro
799 2550 908 2605 fluxisse
928 2551 1005 2617 Diog.
1030 2549 1145 2604 dilucide
1163 2547 1299 2618 alfirmatl.
1323 2581 1354 2590 —
1378 2551 1432 2607 Sed

300 2634 440 2690 audiemus
468 2635 617 2688 Hiraelium
644 2652 700 2690 rem
727 2652 807 2704 porro
835 2643 967 2704 agentem.
1011 2635 1083 2689 »Aua
1110 2634 1158 2689 der
1180 2633 1353 2705 Erw'dhnung
1380 2637 1429 2692 des

299 2720 447 2774 Kleanthes
472 2725 529 2788 88,ι
555 2737 580 2788 p.
599 2725 650 2776 218
674 2722 734 2776 adn.
757 2729 767 2776 l
788 2725 891 2790 pergit,
920 2721 1004 2789 «folgt
1031 2720 1088 2774 dios
1109 2720 1221 2788 ¹ireilieh
1249 2725 1318 2775 noeh
1342 2725 1426 2778 nieht.

299 2805 380 2860 Wohl
398 2805 463 2859 aher
483 2806 544 2859 iallt
562 2806 604 2860 ins
622 2807 749 2876 (lenient,
770 2808 831 2861 dass
849 2810 883 2862 86
902 2806 950 2859 der
966 2806 1070 2860 Claube
1089 2806 1136 2860 des
1150 2805 1233 2861 Vollrs
1251 2808 1344 2862 audie
1363 2809 1428 2864 Dio-

300 2892 401 2945 sknran
415 2907 449 2945 zu
468 2891 528 2944 dem
541 2892 642 2946 Beweir
660 2893 705 2946 lur
724 2892 767 2946 die
779 2892 911 2946 Existenz
932 2891 1077 2958 gottlioher
1090 2891 1190 2945 Wesen
1209 2891 1351 2961 beitragen
1369 2896 1428 2949 soll.

297 2977 339 3030 Zu
364 2976 517 3030 demselhon
542 2978 637 3032 Zweok
660 2979 766 3032 werden
792 2978 835 3032 die
861 2977 1012 3031 Dioskuren
1037 2978 1106 3032 auch
1129 2977 1172 3030 hei
1197 2977 1335 3032 Philodem
1363 2981 1428 3048 περὶ

298 3063 393 3126 ευσεβ.
413 3063 437 3116 S.
451 3064 485 3118 74
499 3064 594 3130 Comp.
615 3064 727 3117 banutnt
745 3064 799 3118 und
811 3078 884 3118 zwar
902 3062 1022 3116 offenbar
1041 3061 1181 3117 innerhalb
1201 3063 1274 3116 eines
1286 3062 1427 3120 Berichtas

298 3147 364 3200 dher
383 3149 442 3201 eine
463 3149 580 3202 atoisehe
598 3148 696 3202 Lehre.
727 3147 805 3202 Nach
825 3147 1008 3214 Διοσκούρους
1026 3145 1115 3200 brieht
1133 3147 1181 3202 das
1200 3147 1347 3216 Fragment
1365 3149 1427 3204 Phi·

302 3233 406 3286 lodems
425 3233 472 3300 ab,
493 3233 547 3286 und
567 3249 595 3286 es
613 3233 682 3286 fehlt
699 3235 743 3286 ein
761 3238 897 3301 grosseres
916 3232 1023 3285 Stich«
1055 3232 1167 3287 Collatia
1185 3232 1282 3287 deinde
1294 3234 1430 3291 Ciceronis

303 3324 333 3371 et
347 3317 498 3372 Philodami
516 3319 606 3373 verbis
624 3319 689 3373 item
708 3333 739 3372 ao
757 3319 832 3372 Diels
851 3317 987 3372 Cleanthis
1006 3323 1033 3371 et
1051 3317 1161 3370 Persaei
1180 3319 1326 3373 sententias
1338 3329 1430 3375 censet

298 3405 382 3474 sequi,
401 3404 554 3459 hanovere
573 3411 679 3474 partem
699 3419 756 3458 asse
774 3403 897 3458 Zenonis.
929 3403 1042 3465 δύναμις
1060 3405 1208 3473 συνοπτική
1228 3402 1252 3457 ei
1270 3403 1352 3470 φύσις
1370 3410 1428 3472 (na-

298 3496 361 3543 tura
379 3490 561 3557 complectens
580 3497 608 3544 et
626 3491 764 3557 coercens)
787 3505 845 3543 esse
865 3496 893 3543 et
911 3489 977 3542 illud
996 3490 1067 3541 inter
1085 3485 1183 3548 ἔνοσις
1201 3493 1229 3542 et
1248 3489 1354 3558 συναφή
1374 3491 1426 3544 dia·

297 3575 397 3629 crimen
417 3575 515 3642 (Zeller
532 3577 549 3629 l.
568 3577 585 3628 l.
604 3579 645 3638 96,
665 3579 689 3629 2.
718 3577 814 3630 Sextus
832 3574 848 3627 l.
868 3574 884 3627 l.
902 3575 947 3639 78)
966 3574 1083 3628 nondum
1102 3588 1119 3627 a
1135 3574 1243 3627 Zenone
1265 3574 1312 3628 sed
1330 3582 1428 3642 postea

298 3675 357 3714 esse
376 3662 476 3715 factum
494 3660 609 3714 videtur.
625 3690 654 3699 -

366 3745 419 3800 Sed
443 3745 542 3799 dixerit
567 3745 711 3814 quispiam,
736 3744 804 3799 nihil
822 3745 943 3813 obstare,
967 3743 1030 3812 quin
1057 3744 1131 3798 loeus
1149 3743 1225 3797 Sexti
1243 3744 1426 3815 Chrysippeos

297 3832 340 3884 sit.
372 3833 411 3884 At
428 3830 478 3883 has
496 3828 633 3883 attulerim
653 3831 781 3893 rationes,
799 3845 869 3899 quaa
888 3833 983 3883 eontra
999 3829 1179 3898 Chrysippum
1198 3837 1225 3882 et
1243 3830 1368 3886 Zenonea
1387 3835 1423 3886 vi-

298 3915 413 3970 deantur
430 3930 446 3968 a
464 3920 550 3980 parte.

370 4005 390 4055 l.
418 4001 585 4069 Quamquam
605 4001 747 4070 Chrysippi
771 4001 803 4054 de
827 4000 869 4054 his
893 3999 973 4053 rebus
996 4000 1113 4068 plurima
1134 4005 1244 4054 exstant
1266 3999 1426 4070 fragmenta,

297 4087 399 4141 nullum
418 4086 538 4141 invenies
555 4087 634 4141 huius
654 4087 749 4155 eapitis
768 4086 961 4140 sententiarum
980 4085 1007 4139 in
1025 4085 1079 4139 illia
1097 4086 1249 4153 vestigium.

364 4176 389 4227 Z.
418 4171 502 4225 lmmo
523 4172 667 4242 Chrysippi
685 4171 713 4225 hi
733 4173 796 4226 loci:
822 4172 878 4226 Cio.
897 4170 929 4224 de
948 4177 1005 4230 nat.
1021 4170 1096 4225 deor.
1115 4170 1151 4238 11,
1170 4174 1194 4238 6,
1216 4175 1246 4225 16
1266 4170 1301 4235 ll,
1326 4175 1364 4240 14,
1382 4175 1442 4227 38..

297 4258 368 4312 Plut.
392 4274 486 4312 comm.
511 4263 566 4314 not.
591 4258 681 4312 XLIX
709 4257 755 4312 alii
783 4259 815 4312 de
844 4258 936 4313 eadem
964 4272 994 4310 re
1021 4257 1088 4311 alias
1116 4271 1149 4311 ao
1172 4257 1269 4312 Sextus
1296 4256 1427 4312 adhibent

296 4343 475 4411 probationes.
