3228 4972
754 546 964 608 -24..

295 751 412 815 corpus
435 729 487 814 (cf.
504 751 574 816 cap.
595 733 644 796 10.
668 729 727 796 No.
747 732 831 815 100),
855 731 916 797 mel
938 753 996 816 per
1019 732 1108 801 favos
1131 733 1203 818 (No.
1220 735 1286 817 35),
1310 754 1418 800 semen

295 852 354 915 per
375 831 537 914 genitalia.
569 830 644 914 (No.
661 832 690 896 6.
708 832 781 897 502.
799 834 863 916 54).
939 883 943 914 ,

441 1038 585 1127 χρῆσθαι
611 1039 786 1115 ἀκωλύτως.
832 1042 864 1123 γ)
888 1039 976 1122 ἔλεγε
1006 1040 1043 1104 δὲ
1075 1043 1174 1105 πάντα
1202 1041 1325 1134 διοινεῖν
1335 1045 1360 1126 1)
1385 1046 1418 1106 rb

448 1141 544 1206 alciora
582 1142 635 1216 τὰς
651 1141 687 1205 δὲ
703 1143 801 1219 αἰτίας
816 1148 878 1207 τῶν
900 1145 1090 1228 πραγμάτων
1114 1147 1155 1230 τῇ
1178 1145 1236 1229 μὲν
1260 1144 1312 1231 ἐφ’
1338 1147 1417 1232 ἡμῖν,

449 1248 490 1331 πῇ
513 1244 548 1308 δὲ
570 1245 626 1309 οὐκ
647 1245 702 1330 ἐφ’
727 1248 813 1333 ἡμῖν,
843 1245 925 1311 τοῦτ’
951 1245 1015 1310 ἔστι
1047 1245 1083 1310 τά
1109 1247 1167 1330 μὲν
1192 1252 1254 1312 τῶν
1276 1251 1418 1335 πραγμά-

448 1369 510 1411 των
541 1346 595 1432 ἐφ’
619 1350 704 1434 ἡμῖν,
734 1349 771 1412 τὰ
793 1347 830 1412 δὲ
862 1348 915 1412 οὐκ
943 1347 997 1431 ἐφ’
1021 1351 1101 1435 ἡμῖν.
1145 1349 1178 1432 ὃ)
1202 1347 1289 1431 ἔλεγε
1311 1350 1347 1414 δὲ
1369 1350 1419 1414 καὶ

445 1451 526 1534 μετὰ
551 1452 712 1539 χωρισμὸν
742 1454 794 1514 τοῦ
818 1453 964 1534 σώματος
1003 1479 1017 1508 ν
1046 1480 1060 1508 a
1088 1451 1136 1534 al)
1159 1455 1208 1516 καὶ
1239 1453 1340 1517 ἐκάλει
1364 1453 1418 1538 τὴν

447 1555 548 1642 ψυχὴν
576 1553 776 1641 πολυχρόνιον
805 1558 938 1639 πνεῦμα,
968 1553 1005 1618 ob
1030 1557 1092 1640 μὴν
1120 1555 1156 1619 δὲ
1184 1554 1351 1641 ἄφθαρτον
1375 1554 1416 1617 ‹tc'

447 1655 521 1719 ὅλον
550 1654 655 1738 ἔλεγεν
686 1656 781 1742 αὐτὴν
810 1656 895 1721 εἶναι.
949 1656 1157 1720 lacunavara
1187 1658 1248 1741 γὰρ
1277 1657 1336 1721 ὑπο*
1366 1661 1419 1721 τοῦ

454 1756 566 1823 πολλοῦ
581 1760 702 1847 χρόνον
725 1761 769 1834 εἰς
791 1761 826 1822 τὸ
850 1759 1011 1844 ἀφανέςβ)
1035 1761 1081 1836 ὥς
1103 1783 1190 1847 φησι.

296 1876 355 1944 No.
374 1879 424 1943 34.
447 1877 512 1943 (lic.
537 1877 576 1942 de
599 1882 663 1942 nat.
688 1879 778 1944 deors
799 1881 822 1958 I,
848 1881 897 1958 14,
922 1880 976 1944 36:
1001 1882 1033 1964 α)
1049 1879 1135 1945 Zeno
1158 1885 1275 1956 autem,
1300 1880 1414 1945 utiam

449 1983 491 2046 ad
517 1986 639 2047 vestros
657 1981 765 2059 Balbe,
790 1985 924 2062 veniam,
950 1981 1126 2047 naturalem
1150 1981 1251 2063 legem
1277 1983 1416 2046 divinam

450 2104 519 2148 esse
542 2091 652 2148 censet
675 2105 810 2167 eamque
833 2087 893 2150 vim
918 2083 1061 2150 obtinere
1093 2090 1181 2149 recta
1207 2085 1419 2167 imperantem

447 2186 735 2271 prohibentemque
752 2187 921 2252 contraria.
947 2190 1049 2268 Quam
1060 2187 1160 2270 legem
1176 2185 1336 2269 quomodo
1352 2186 1419 2251 elfi-

447 2291 512 2355 ciat
524 2291 717 2355 animantem
728 2288 913 2372 intellegere
925 2310 987 2355 nou
1000 2310 1178 2372 possumus.
1196 2289 1297 2353 Deum
1310 2293 1418 2353 autern

447 2393 641 2458 animantem
657 2398 743 2458 certe
756 2391 899 2458 volumus
912 2413 990 2458 esse.
1027 2394 1064 2475 β)
1079 2393 1183 2475 Atque
1195 2392 1245 2457 bic
1256 2392 1340 2456 idem
1356 2391 1419 2457 alio

449 2492 517 2559 loco
530 2492 663 2558 aethera
675 2494 768 2557 deum
781 2493 867 2572 dicit,
880 2494 906 2556 si
919 2493 1059 2576 intellegi
1071 2500 1177 2576 potest
1188 2494 1265 2558 nibil
1278 2493 1418 2558 sentiens

450 2596 536 2674 deus,
561 2595 614 2678 qui
638 2616 809 2677 numquam
830 2594 920 2659 nobis
941 2597 1080 2661 occurrit
1095 2616 1197 2680 neque
1221 2597 1253 2660 in
1270 2597 1418 2680 precibus

448 2718 549 2781 neque
572 2699 603 2762 in
621 2699 740 2781 optatis
756 2719 858 2782 neque
873 2698 906 2762 in
921 2697 1011 2763 votis.
1057 2700 1088 2782 γ)
1108 2699 1186 2763 Aliis
1203 2703 1309 2766 autem
1327 2699 1417 2764 libris

448 2801 603 2867 rationem
621 2801 793 2884 quamdam
809 2821 867 2885 per
882 2801 1021 2866 omniurn
1045 2805 1193 2866 naturam
1217 2822 1324 2867 rerum
1347 2820 1419 2886 per-

450 2904 603 2969 tinentem
623 2905 654 2969 vi
673 2904 781 2969 divina
801 2924 869 2969 esse
890 2902 1050 2969 adfectam
1073 2908 1176 2987 putat.
1214 2903 1304 2970 ldem
1322 2904 1418 2970 astris

450 3006 510 3072 boc
520 3005 604 3072 idem
617 3007 740 3084 tribuit,
752 3014 820 3072 tum
834 3007 934 3087 aunis,
947 3006 1110 3072 mensibus
1122 3025 1339 3091 annorumque
1352 3027 1419 3071 rnu-

451 3109 636 3176 tatiouibus.
679 3109 711 3193 ὃ)
725 3110 802 3176 Cum
826 3130 899 3176 vero
921 3108 1053 3174 Hesiodi
1075 3109 1276 3192 theogonium
1301 3107 1345 3187 [id
1369 3115 1419 3173 est

459 3213 611 3294 originem
635 3212 780 3293 deorum]
804 3212 1045 3294 interpretatur,
1069 3211 1152 3277 tollit
1168 3211 1296 3275 omnino
1319 3210 1418 3274 usita-

450 3320 501 3380 tas
531 3319 765 3400 perceptasque
793 3314 987 3397 cognitiones
1011 3315 1153 3381 deorum.
1199 3311 1308 3396 Neque
1331 3311 1414 3377 enim
1472 3308 1475 3326 ¹

449 3420 554 3484 lovem
584 3437 686 3501 neque
716 3417 868 3482 lunonem
898 3437 999 3500 neque
1023 3415 1155 3481 Vestam
1182 3433 1286 3496 neque
1308 3433 1416 3497 quem·

447 3540 552 3603 quarn,
577 3519 699 3600 quiite
725 3518 917 3602 appellatur,
940 3519 972 3583 in
996 3517 1128 3583 deorum
1151 3515 1249 3582 habet
1272 3535 1414 3594 numero,

447 3621 504 3686 sed
520 3620 616 3686 rebus
632 3622 781 3686 inanimis
804 3627 900 3704 atque
923 3622 1020 3685 mutis
1043 3640 1101 3703 per
1124 3618 1297 3704 quamdam
1320 3617 1415 3701 signi-

446 3723 629 3789 ficationem
653 3722 732 3789 haec
755 3723 849 3789 docet
870 3722 994 3788 tributa
1015 3722 1153 3787 nomina.

297 3825 355 3891 No.
373 3827 424 3891 35.
449 3824 621 3891 Tertuliau.
646 3826 717 3892 adv.
740 3831 807 3891 nat.
830 3826 873 3904 11,
898 3829 931 3892 4:
954 3826 1037 3891 Ecce
1059 3824 1144 3889 enim
1167 3823 1266 3889 Zeno
1288 3844 1415 3908 quoqne

362 4014 384 4078 ¹)
403 4010 485 4065 (lodi.
504 4011 646 4066 lectionem
673 4013 779 4065 διοικεῖν
803 4018 881 4066 tueor
902 4017 1057 4081 comparato
1079 4012 1130 4067 No.
1154 4015 1194 4065 41.
1230 4010 1329 4065 Diales.
1354 4026 1415 4067 cunr

296 4095 484 4165 Rhodigerano
504 4095 601 4151 collato
619 4096 742 4152 Kriscbio
761 4113 787 4166 p.
799 4101 861 4153 382:
881 4099 990 4169 διήκειν.

361 4181 384 4246 ²)
402 4179 513 4235 Diales:
545 4180 702 4235 »intercidit
725 4182 785 4232 τινὰ
806 4183 912 4253 χρόνον
935 4183 1072 4246 διαμένειν
1095 4183 1142 4252 τὴν
1166 4182 1271 4253 ψυχήν,
1294 4180 1415 4236 similiter

293 4268 326 4323 A·
345 4265 514 4418 Jghblboleoc
535 4351 669 4407 »voluitne
686 4355 717 4406 τὸ
737 4351 875 4423 agarici«
