3228 4972
791 519 978 584 -8-

410 709 532 776 Eadem
556 730 619 776 non
641 707 780 784 infinita,
805 705 861 772 sed
884 705 976 770 finita
998 709 1049 769 est
1072 703 1144 787 (No.
1162 705 1278 790 500)¹)
1303 707 1456 792 singulis·

325 835 386 898 qua
409 812 521 880 muudi
543 811 691 898 partibus
713 829 880 876 commune
902 809 1010 874 subest
1032 807 1284 875 tundamentum.
1330 810 1451 876 Partes
1564 810 1565 824 ¹

323 917 461 982 universi
484 915 631 981 nimirum
655 933 718 979 non
743 917 881 986 manent,
905 911 961 976 sed
983 915 1175 993 separantur
1190 917 1289 995 atque
1311 913 1446 979 coniun·

321 1024 452 1101 guntur3
484 1017 702 1082 diminuuntur
732 1022 765 1080 et
793 1021 980 1080 coartantur
1006 1015 1083 1079 item
1108 1018 1206 1097 atque
1229 1021 1387 1099 augentur
1410 1022 1450 1080 et

322 1119 570 1204 amplificantur.

478 1307 568 1384 1705,
591 1325 622 1389 p.
648 1307 716 1386 iol:
741 1304 852 1390 Ζήνων
876 1305 893 1366 ὁ
918 1303 1036 1381 Κιτιεὺς
1059 1304 1159 1392 ἀρχὴν
1182 1302 1258 1368 εἶναι
1280 1305 1361 1387 λέγει
1384 1311 1447 1369 τῶν
1564 1333 1565 1336 ’

478 1411 559 1473 ἅλων
582 1407 658 1472 θεον
679 1411 729 1472 καὶ
753 1407 836 1494 ὕλην.
876 1405 952 1470 θεὸν
973 1407 1032 1489 μὲν
1055 1407 1089 1470 τὸ
1113 1403 1232 1484 ποιοῦν,
1258 1405 1332 1492 ὕλην
1355 1407 1389 1471 δὲ
1413 1412 1447 1471 τὸ

475 1511 658 1594 ποιούμενον
681 1509 740 1595 ἀφ’
755 1510 799 1574 ὧν
823 1511 859 1572 τὰ
882 1509 1022 1593 τέσσαρα
1046 1515 1181 1597 στοιχεῖα
1204 1509 1371 1591 γεγονέναι.

530 1613 766 1692 Schahrestdni‚
790 1610 1099 1694 Religionsparteien
1129 1610 1192 1675 und
1216 1610 1445 1695 Philosopheu-

476 1716 606 1783 schulen
618 1717 723 1782 libers.
743 1737 768 1779 v.
784 1713 989 1779 Harbriicker
1005 1713 1037 1778 II
1057 1715 1115 1778 132
1132 1713 1226 1797 (Dox.
1245 1713 1337 1798 289):
1359 1713 1447 1780 »Plu-

474 1817 565 1884 tarch
588 1817 754 1894 berichtet‚
779 1816 855 1881 dass
878 1817 984 1881 Zenon
1007 1817 1148 1899 gemeint
1170 1815 1252 1882 habe
1276 1816 1329 1882 die
1356 1817 1448 1882 Wur·
1564 1887 1565 1904 χ

479 1922 547 1987 zeln
569 1924 653 1987 seien
678 1942 738 1985 nur
753 1920 834 1987 Gott
856 1921 922 1984 und
946 1921 1004 1986 der
1027 1919 1217 1986 Grundstoff
1237 1920 1347 1990 allein:
1369 1920 1448 1985 Gott
1564 1981 1565 1984 ,

476 2025 522 2089 sei
538 2023 589 2089 die
605 2023 729 2105 thiitige
746 2022 899 2103 Ursache‚
924 2025 981 2088 der
998 2022 1190 2088 Grundstoff
1210 2024 1269 2090 das
1285 2022 1443 2106 passiva«
1564 2023 1565 2045 ¹

343 2135 404 2200 No.
422 2140 451 2200 4.
481 2135 627 2201 Clemens
643 2135 806 2202 Romanus
822 2134 940 2199 Homil.
964 2135 999 2214 V,
1026 2136 1079 2200 18:
1104 2135 1216 2221 Ζήνων
1232 2183 1238 2197 .
1257 2181 1265 2197 .
1282 2181 1289 2199 .
1307 2134 1357 2198 διὰ
1373 2134 1449 2196 πάν-

478 2262 539 2302 των
562 2237 597 2302 τὸ
620 2238 708 2303 θεῖον
732 2237 808 2302 εἶναι
832 2238 922 2325 [ἰέναι
944 2257 1026 2303 corr.
1050 2237 1199 2316 coteler]
1224 2237 1315 2319 λέγει.
1564 2223 1565 2252 ¹

343 2348 403 2415 No.
421 2354 451 2416 5.
480 2350 568 2433 Diog.
594 2349 663 2428 Vll,
691 2351 765 2415 150:
789 2353 822 2429 α)
849 2349 962 2413 Οὐσίαν
985 2349 1021 2413 δέ
1044 2373 1123 2433 φασι
1145 2354 1207 2411 τῶν
1230 2347 1328 2411 ὄντων
1352 2349 1448 2411 duciv-
1564 2431 1565 2442 ἵ

475 2477 536 2516 των
559 2453 611 2538 τὴν
629 2453 756 2539 πρώτην
780 2451 862 2538 ὕλην,
887 2454 930 2524 ὡς
952 2453 1002 2515 καὶ
1019 2451 1197 2536 Χρύσιππος
1219 2449 1252 2514 ὲν
1275 2453 1314 2536 τῇ
1336 2451 1445 2535 πρώτῃ

476 2559 539 2620 τῶν
564 2554 704 2620 Φυσικῶν
728 2556 776 2618 καὶ
799 2555 919 2641 Ζήνων.
963 2555 1005 2639 β)
1030 2555 1085 2641 ὕλη
1108 2555 1144 2619 δέ
1167 2555 1248 2619 ἐστιν
1271 2554 1308 2627 ἐξ
1329 2554 1367 2642 ἧς
1388 2556 1448 2617 ὁτι-

475 2656 631 2744 δηποτοῦν
655 2660 776 2736 γίνεται.
822 2659 853 2742 γ)
876 2658 1010 2722 καλεῖται
1032 2657 1068 2722 δὲ
1090 2658 1198 2746 διχῶς,
1230 2658 1321 2722 οὐσία
1344 2679 1376 2720 τε
1399 2657 1448 2719 καὶ

476 2760 541 2846 ὕλη,
565 2762 585 2847 ἧ
607 2783 641 2824 τε
665 2765 726 2824 τῶν
751 2763 874 2824 πάντων
898 2763 947 2825 καὶ
968 2763 986 2847 ἢ
1010 2766 1071 2825 τῶν
1101 2761 1149 2825 ἐπὶ
1175 2762 1303 2848 μέρους.
1349 2760 1446 2846 ἡμὲν
1564 2761 1565 2816 ξ

475 2862 530 2929 οὖν
546 2869 608 2927 τῶν
631 2865 711 2926 ὅλων
735 2861 806 2928 οὔτε
831 2864 941 2927 πλείων
965 2861 1032 2926 οὔτ’
1058 2864 1194 2928 ἐλάττων
1218 2865 1342 2946 γίνεται,
1366 2865 1385 2948 ἡ
1408 2861 1444 2925 δὲ

475 2971 537 3029 τῶν
560 2966 609 3030 ἐπὶ
629 2965 747 3052 μέρους
769 2969 818 3030 καὶ
842 2967 953 3031 πλείων
977 2969 1024 3029 καὶ
1046 2967 1192 3032 ἐλάττων.

322 3133 409 3189 αἴτιον
422 3135 546 3189 nimirum
560 3135 669 3189 tolerari
688 3135 800 3204 nequire
819 3143 861 3190 est
880 3137 972 3190 visum.
1004 3137 1104 3192 Contra
1124 3137 1210 3193 codex
1225 3138 1378 3193 Marcianus
1392 3135 1446 3204 (B),

323 3221 424 3275 »multo
449 3220 635 3290 neglegentius
654 3227 783 3275 exaratus
800 3225 889 3290 (quarn
909 3222 939 3290 Α)
960 3227 986 3277 et
1004 3222 1240 3292 interpolationum
1259 3223 1371 3293 plenior.
1410 3225 1447 3275 At

321 3306 439 3362 feliciter
452 3307 558 3375 accidit,
578 3306 713 3360 utendam
732 3306 833 3360 librarii
852 3308 1003 3376 oscitantia,
1022 3323 1076 3376 qua
1094 3308 1264 3375 apertissime
1281 3307 1445 3378 glossemata

323 3408 409 3461 saepe
428 3391 601 3446 insulsissime
619 3392 753 3446 inculcata
771 3399 845 3460 sunt,
864 3393 935 3447 inter
952 3393 1082 3462 reliquam
1100 3392 1178 3445 istius
1196 3393 1268 3448 modi
1286 3392 1446 3462 farraginem

321 3479 451 3548 antiquae
480 3477 624 3532 memoriae
652 3478 784 3545 plurimae
812 3478 902 3532 variae
927 3478 1055 3533 lectiones
1084 3477 1238 3532 felicissime
1265 3483 1447 3533 servarentur.

321 3565 413 3634 Atque
438 3564 506 3620 haec
531 3570 572 3619 est
594 3563 705 3633 propria
730 3564 861 3619 Marciani
886 3565 996 3620 virtue«
1039 3566 1119 3632 (Dux.
1138 3582 1164 3634 p.
1182 3569 1235 3630 34).
1278 3565 1373 3633 Itaque
1396 3563 1448 3618 hoc

323 3665 429 3718 quoque
449 3648 507 3705 loco
529 3649 695 3705 Marcianum
715 3649 803 3705 iudico
822 3651 994 3719 sequendum.

391 3737 415 3800 ¹)
434 3734 484 3790 No.
497 3739 531 3790 50
544 3718 567 3788 α’
586 3750 615 3789 re
639 3750 703 3789 vera
720 3735 836 3789 Zenonis
859 3733 1006 3788 doctrinam
1030 3733 1175 3801 significari
1200 3731 1271 3787 idem
1295 3730 1448 3787 chalcidius

323 3821 351 3874 in
363 3834 420 3889 cap.
434 3824 485 3876 aad
497 3819 619 3887 (Wrobel
632 3836 658 3889 p.
671 3824 731 3887 324,
748 3822 788 3884 lili
808 3819 850 3874 his
868 3820 945 3874 nobis
963 3819 1051 3887 aperit
1069 3818 1170 3873 verbis:
1191 3818 1331 3886 »Denique
1344 3818 1448 3884 Stoicos

322 3906 471 3972 (Zenonem
489 3919 506 3958 a
524 3904 662 3959 Chalcidio
681 3904 800 3971 intellegi
819 3904 904 3958 exiis
923 3918 992 3973 quae
1011 3904 1175 3966 antecedunt
1193 3904 1283 3958 elucet
1295 3904 1328 3957 cf.
1343 3903 1390 3958 No.
1403 3907 1448 3971 50)
1564 3909 1565 3972 ζ

323 3989 458 4045 definitam
477 3996 505 4043 et
523 3988 665 4043 limitatam
686 3989 778 4044 silvam
799 4005 855 4044 esse
875 3997 972 4044 natura
991 3990 1116 4059 propria,
1136 3989 1309 4058 Pythagoran
1326 4004 1390 4043 vero
1409 3987 1447 4042 in·
1564 4031 1565 4058 i

322 4075 423 4129 finitam
449 4080 477 4128 et
500 4075 558 4128 sine
583 4073 666 4129 limite
689 4075 786 4129 dicare.
824 4089 939 4144 cumque
965 4073 1003 4128 illi
1028 4074 1100 4143 quod
1122 4081 1219 4129 natura
1237 4077 1272 4128 sit
1290 4075 1447 4130 immensum
1564 4079 1565 4154 }

322 4177 375 4216 uon
399 4175 478 4230 posse
503 4159 537 4214 ed
563 4159 683 4214 ordinem
708 4168 789 4230 atque
814 4161 921 4216 modum
940 4160 1024 4230 redigi
1043 4168 1182 4227 censeant,
1207 4159 1379 4229 Pythagoran
1398 4199 1404 4212 .
1423 4177 1445 4215 .‹
1564 4211 1565 4218 ,

325 4247 421 4316 Neque
433 4245 513 4301 aliter
525 4245 640 4302 Zenonis
654 4248 788 4302 sententia
801 4245 836 4301 ad
854 4244 1003 4300 doctrinam
1021 4245 1054 4301 de
1073 4260 1156 4302 vacuo
1175 4247 1263 4332 spatio
1275 4245 1310 4316 (p.
1326 4247 1356 4302 17
1368 4244 1448 4312 inira)
1564 4248 1565 4304 i

323 4332 476 4402 quadraret.
