3228 4972
790 585 976 647 ..4..

325 771 407 838 duas
431 770 604 837 Andronici
636 772 690 854 qni
724 770 827 836 fertur
858 772 928 856 περὶ
957 771 1067 835 παθῶν
1098 771 1197 837 libelli
1227 771 1382 838 editiones
1413 777 1446 837 et

325 901 414 986 ipsae
436 901 565 966 minime
588 900 849 966 contemnendae.
896 900 995 966 Paulo
1023 908 1097 968 ante
1119 923 1148 967 a.
1176 903 1255 968 1882
1279 903 1315 967 11.
1338 901 1446 966 Hirael

324 1029 357 1095 in
373 1029 534 1096 Ciceronis
549 1030 668 1114 scripta
684 1028 907 1113 philosophica
929 1029 1137 1112 inquisiverat
1162 1030 1271 1111 reique
1294 1027 1446 1095 nonnulla
1579 1083 1580 1112 ,

325 1155 480 1222 attulerat
501 1155 696 1221 adiumenta.
735 1155 849 1221 Zelleri
871 1156 999 1220 tertiam
1023 1160 1056 1222 et
1072 1163 1200 1222 auctam
1223 1157 1396 1222 editionem
1414 1178 1445 1220 a.

328 1283 410 1349 1880
425 1284 618 1367 supersedeo
632 1283 781 1364 laudare,
805 1284 862 1350 sed
878 1291 910 1350 et
926 1283 1044 1350 bodov.
1076 1286 1164 1352 Stein
1186 1286 1219 1349 in
1242 1285 1338 1352 libro:
1367 1284 1445 1348 »Die

324 1411 530 1494 Psychologis
558 1411 750 1478 (18781887.
800 1416 825 1477 1.
850 1412 923 1480 Bd.:
956 1412 1444 1496 »Metaphysisobanthropolo-

325 1537 450 1621 gischer
472 1537 595 1619 Tbsil«,
624 1539 731 1607 Berlin
759 1542 854 1622 1886;
878 1544 906 1606 2.
930 1541 1001 1607 Bd.:
1030 1541 1106 1608 »Die
1130 1541 1444 1607 Erbenntnistheorie

327 1667 385 1733 der
413 1668 527 1747 Stoa«,
554 1668 662 1736 Berlin
693 1670 774 1736 1888
803 1671 862 1736 8181
890 1671 994 1738 multa
1023 1671 1191 1736 iocundius
1219 1691 1313 1755 quam
1342 1671 1445 1735 verius

328 1796 486 1874 disseruit,
503 1800 610 1861 tamen
627 1802 660 1862 et
677 1796 776 1862 multa
792 1818 873 1863 nova
889 1798 934 1864 rei
950 1798 1176 1882 suppeditavit.
1207 1799 1295 1864 Idem
1310 1799 1446 1864 Zenonis
1579 1795 1580 1878 Q

326 1923 368 1990 ad
390 1923 541 2009 physicen
564 1926 775 2008 pertinentem
799 1927 980 1992 doctrinam
1003 1928 1177 2010 separatim
1207 1927 1334 1993 addidit
1363 1931 1446 1993 trac·

329 2057 440 2119 181887.
486 2053 574 2132 Quae
601 2054 729 2136 quidem
753 2055 989 2138 argumentatio
1011 2075 1082 2120 cum
1106 2055 1182 2120 mihi
1206 2057 1309 2122 minus
1332 2056 1445 2140 probe·

328 2188 390 2260 tur,
410 2202 477 2247 rem
494 2181 613 2246 additis
628 2182 817 2265 fragmentis
835 2182 939 2248 denuo
954 2187 1094 2248 tractare
1110 2153 1285 2250 estvisum.
1331 2185 1446 2263 Quam·

328 2329 423 2394 quam
449 2311 532 2410 enim
548 2310 660 2377 Steinii
676 2333 832 2378 summam
855 2313 920 2377 iam
943 2313 1014 2395 ipso
1038 2311 1098 2378 hoc
1114 2333 1197 2378 anno
1214 2310 1364 2378 refutavit
1380 2311 1447 2378 Gle-
1579 2348 1580 2382 l

328 2458 417 2505 mens
434 2437 621 2522 Baeumlrer,
638 2459 709 2504 cum
725 2460 822 2523 opere
839 2460 910 2506 suo:
932 2439 1015 2504 »Das
1030 2439 1175 2507 Problem
1193 2439 1250 2505 der
1268 2441 1399 2508 Materia
1415 2440 1447 2504 in
1579 2431 1580 2505 ἶ

329 2565 387 2632 der
403 2565 618 2647 griechischen
633 2565 848 2651 Philosophia.
888 2567 967 2632 Eine
982 2565 1318 2633 historischlrritische
1336 2567 1447 2631 Uoter-
1579 2575 1580 2616 1

328 2693 485 2778 suchung,
509 2693 655 2760 Miinster
679 2697 777 2762 1890«
804 2697 863 2761 toti
887 2696 926 2760 de
950 2697 1085 2761 materia
1108 2697 1289 2780 quaestioni
1312 2695 1446 2760 laetissi·
1579 2675 1580 2726 i

329 2846 414 2892 mam
439 2824 548 2892 attolit
569 2823 687 2904 lucem,
711 2830 820 2890 tamen
842 2825 1018 2890 Stoicorum
1043 2844 1224 2890 communes
1247 2828 1373 2889 tantum
1396 2844 1449 2888 ex·
1488 2807 1497 2826 '

328 2953 451 3036 pedivit
471 2953 655 3018 sententias.

416 3106 463 3172 De
493 3105 584 3171 libris
614 3112 721 3171 autem
751 3106 899 3186 Zenonis,
928 3127 999 3171 cum
1030 3126 1069 3171 ex
1096 3106 1135 3171 iis
1165 3126 1248 3190 quae
1272 3105 1448 3172 Wellmann

329 3237 349 3301 1.
374 3237 392 3300 7.
420 3236 512 3301 7878.
536 3256 567 3319 p.
592 3236 664 3299 488.
699 3235 789 3300 7877.
818 3255 850 3318 p.
873 3235 950 3314 soc,
986 3216 1191 3302 wichsmutn
1220 3256 1331 3300 comm.
1359 3237 1448 3300 1874.

330 3385 361 3448 p.
379 3366 409 3444 4,
432 3361 690 3430 Ζ811871.1.1111
710 3384 740 3447 p.
758 3365 814 3443 32,
838 3364 911 3429 adn.
937 3369 949 3428 1
977 3366 1204 3443 disseruerunt,
1228 3365 1306 3429 88118
1329 3369 1449 3448 pateat,

330 3513 399 3561 rem
433 3498 499 3558 tum
527 3490 695 3560 obscuram
724 3514 805 3572 esse,
841 3498 876 3557 ut
903 3491 1057 3576 quamdiu
1084 3491 1248 3557 uberiores
1276 3492 1379 3556 fontes
1407 3489 1452 3554 la·

331 3626 423 3686 teant
444 3619 496 3686 vix
522 3622 626 3705 possit
647 3620 821 3705 profligari,
846 3621 949 3687 denuo
972 3621 1071 3687 verba
1092 3621 1198 3687 lacere
1220 3621 1317 3685 liceat
1340 3639 1450 3700 super·

330 3748 482 3833 sedere.¹)

333 3933 533 3946 ψ

403 4026 424 4094 ¹)
444 4024 486 4080 De
505 4039 558 4080 uno
577 4028 679 4078 tantum
699 4024 822 4079 Citiensis
841 4023 909 4078 libro
927 4023 990 4093 quid
1003 4023 1132 4079 'videatur
1149 4023 1305 4079 addiderim.
1329 4023 1453 4078 Laertius

338 4111 365 4164 in
384 4109 507 4179 catalogo
526 4109 571 4164 illo
589 4109 713 4164 Zenones
731 4107 802 4178 (Vll,
821 4126 846 4179 p.
860 4111 887 4180 4)
906 4117 1047 4178 postquam
1067 4114 1171 4164 ceteros
1189 4109 1270 4164 libros
1289 4109 1454 4163 enumeravit

336 4195 424 4251 addit:
455 4198 494 4250 lo.
516 4194 782 4266 ἀπομνημονεύματα
800 4191 945 4265 Κράτητος
962 4196 1052 4266 ἠθικά.
1088 4193 1213 4249 Editores
1232 4194 1361 4249 scribunt:
1390 4212 1453 4248 ono·

333 4279 556 4351 μνημονεύματα,
576 4275 720 4349 Κράτητας
737 4280 826 4352 ἠθικά.
856 4281 996 4336 consentit
1012 4279 1156 4350 Weygoldt
1169 4297 1195 4350 p.
1210 4284 1248 4336 18.
1267 4281 1356 4335 Zeller
1374 4297 1400 4352 p.
1413 4283 1454 4334 32.
