3228 4972
750 605 788 616 ..
834 568 876 631 20

379 753 439 832 Qui
468 753 550 838 ignis
572 751 702 837 gignens
724 753 766 818 ab
790 753 844 819 illo
867 757 995 821 terreno
1016 755 1089 839 igne
1117 764 1321 824 consumente
1342 759 1411 842 qui·

293 855 366 920 dem
390 860 425 922 at
446 875 509 921 non
532 857 719 939 procreante
741 874 870 938 prorsus
894 853 1011 922 diflert.

379 959 468 1025 Idem
500 959 580 1025 deus
607 957 790 1026 nominatur
815 963 907 1040 σῶμα
933 959 1161 1044 καθαρώτατον
1189 960 1261 1044 (Νο.
1283 964 1353 1045 25.)
1382 965 1414 1026 et

294 1063 405 1129 aether
428 1061 500 1146 (No.
518 1062 569 1127 26.
586 1063 636 1126 27.
653 1062 703 1126 28.
725 1062 805 1142 29.),
834 1059 937 1126 forma
964 1063 1051 1128 tenui
1079 1071 1111 1128 et
1137 1062 1225 1127 inani
1255 1064 1339 1129 mole
1368 1065 1413 1128 di-

449 1303 597 1381 oontinet,
621 1305 737 1365 natura
756 1319 819 1365 non
835 1299 1008 1366 artificiosa
1023 1301 1136 1382 solum,
1152 1302 1208 1367 sed
1225 1302 1319 1386 plane
1334 1304 1412 1368 arti·

449 1404 502 1472 fex
525 1404 698 1471 abeodem
724 1403 850 1469 Zenone
873 1403 1001 1485 dieitur,
1024 1404 1199 1471 consultrix
1222 1410 1255 1472 et
1277 1405 1412 1490 provida

450 1507 626 1573 utilitatum
647 1506 989 1591 opportunitatumque
1004 1509 1155 1573 omnium.
1201 1511 1232 1591 r)
1258 1511 1362 1591 Atque
1378 1513 1415 1571 ut

451 1614 597 1676 caeterae
619 1614 754 1676 naturae
776 1609 840 1675 suis
866 1609 1039 1675 seminibus
1064 1631 1211 1695 quaeque
1234 1613 1414 1695 gignuntur,

455 1718 643 1796 augescunt,
677 1712 893 1791 continentur,
928 1713 972 1778 sic
1010 1719 1127 1780 natura
1163 1713 1274 1779 mundi
1308 1735 1416 1780 omnes

455 1821 560 1881 motus
581 1814 679 1880 habet
702 1813 897 1881 voluntarios
920 1819 1114 1900 conatusque
1136 1823 1169 1883 et
1192 1817 1415 1901 appetitiones,

452 1937 534 2000 quas
557 1918 656 2002 ὁρμὰς
672 1917 786 1983 Greoei
807 1924 934 1998 vocant,
959 1924 991 1984 et
1013 1919 1062 1983 his
1085 1925 1315 1986 consentaneas
1337 1918 1416 1983 acti-

451 2040 527 2085 ones
548 2019 593 2085 sic
619 2019 751 2084 adhibet
779 2025 814 2084 ut
841 2022 1064 2106 nosmetipsi,
1094 2023 1149 2106 qui
1172 2021 1286 2088 animis
1314 2041 1417 2085 move-

452 2144 524 2188 mur
547 2127 579 2187 et
594 2122 747 2187 sensibus.
792 2122 824 2206 d)
841 2121 926 2187 Talis
942 2123 1040 2204 igitur
1055 2145 1143 2189 meus
1158 2123 1269 2189 mundi
1289 2144 1359 2187 cum
1375 2123 1418 2186 sit

452 2225 494 2292 ob
527 2245 662 2310 eamque
695 2244 823 2291 causam
852 2224 901 2291 vel
928 2225 1100 2311 prudentie
1134 2226 1182 2293 vel
1215 2225 1418 2309 providentia

453 2327 610 2414 appellari
632 2332 717 2393 recte
740 2328 842 2411 possit
866 2365 904 2376 -
929 2329 1052 2394 Graece
1074 2329 1157 2395 enim
1182 2330 1310 2416 πρόνοια
1339 2328 1419 2391 dioi-

453 2437 505 2496 tur
530 2469 582 2510 -‚
607 2431 685 2496 haec
708 2431 907 2515 potissimum
924 2432 1073 2516 providet
1095 2438 1127 2498 et
1149 2432 1181 2496 in
1203 2432 1253 2497 his
1277 2431 1419 2496 maxime

455 2537 504 2600 est
527 2538 696 2617 occupata,
725 2533 864 2617 primum
894 2533 1088 2599 otmundus
1116 2555 1211 2619 quum
1234 2534 1419 2618 aptissimus

453 2638 495 2702 sit
511 2636 554 2702 ad
565 2637 825 2720 permanendum,
842 2636 957 2702 deinde
968 2641 1004 2702 ut
1015 2637 1104 2701 nulle
1116 2657 1151 2702 re
1163 2641 1263 2719 egeat,
1280 2635 1420 2700 maxime

454 2743 575 2818 autem,
604 2743 640 2803 ut
668 2737 699 2802 in
726 2757 764 2803 eo
787 2737 904 2804 eximia
926 2735 1108 2821 pulcritudo
1130 2738 1173 2803 sit
1194 2742 1292 2821 atque
1315 2736 1419 2800 omnis

452 2844 592 2908 ornatus.

302 2978 363 3046 No.
377 2981 428 3045 25.
453 2975 617 3062 Hippolyti
631 2974 723 3041 refut.
740 2973 862 3040 haeres.
880 2975 904 3054 Ι,
922 2975 959 3039 21
980 2974 1042 3058 (ed.
1061 2975 1211 3042 Dunoker
1225 2983 1256 3041 et
1271 2973 1418 3042 Senecio.

455 3101 486 3164 p.
503 3080 572 3162 40):
596 3077 726 3143 Στωικοὶ
741 3081 788 3142 καὶ
810 3079 895 3142 αὐτοὶ
913 3079 970 3164 ρὲν
993 3079 1041 3142 ἐπὶ
1062 3081 1097 3142 τὸ
1121 3079 1421 3164 οολλιγιοταώτερον

455 3181 508 3266 τὴν
535 3183 720 3266 φιλοσοφίαν
747 3178 885 3268 ηὔξησαν
906 3179 958 3246 καὶ
979 3180 1091 3268 σχεδὸν
1114 3181 1200 3266 θροις
1223 3181 1420 3266 περιέλαβον,

455 3284 602 3368 ὁμόδοξοι
635 3283 796 3370 γενόμενοι
829 3285 850 3347 d
878 3307 910 3346 τε
939 3282 1120 3367 Χρύσιππος
1153 3285 1200 3347 καὶ
1236 3283 1359 3371 Ζήνων,
1393 3283 1424 3344 οἳ

455 3387 606 3452 ὑπέθεντο
622 3388 671 3452 καὶ
687 3384 774 3451 αὐτοὶ
792 3386 892 3476 ἀρχὴν
911 3387 969 3471 μὲν
993 3384 1068 3450 θεὸν
1091 3390 1153 3449 τῶν
1176 3389 1308 3463 πάντων,
1332 3391 1423 3468 σῶμα

458 3488 532 3554 ὄντα
567 3492 601 3552 τὸ
635 3491 875 3575 καθαρώτατον,
889 3492 894 3503 “
910 3488 961 3553 ded
996 3492 1119 3553 πάντων
1152 3488 1188 3552 δὲ
1222 3489 1335 3574 διήκειν
1368 3489 1423 3573 τὴν

459 3592 605 3675 πρόνοιαν
629 3589 733 3662 αὐτοῦ,
769 3591 869 3674 (Quae
890 3595 1067 3675 sequuntur
1082 3611 1154 3657 cum
1175 3591 1278 3672 magis
1300 3591 1331 3654 in
1355 3591 1423 3656 uni·

458 3712 584 3757 versum
612 3691 654 3756 ad
684 3692 763 3759 illud
786 3693 919 3758 Στωικοί
948 3695 1109 3779 pertinere
1139 3692 1322 3771 videantur,
1347 3692 1425 3756 reoi-

457 3815 534 3879 pere
557 3794 725 3874 dubitavi).

305 3928 365 3997 No.
384 3932 433 3997 26.
458 3930 613 3997 Minucius
636 3933 726 3999 Felix
749 3935 858 4000 Oetav.
881 3933 967 4014 xlx,
991 3936 1025 4001 8:
1048 3934 1155 4001 Zenon
1178 3933 1320 4000 eiusdem
1343 3931 1425 4014 (Ole-

458 4032 577 4117 anthis)
600 4034 754 4117 magister
776 4035 953 4101 naturalem
980 4034 1083 4118 legem
1106 4042 1202 4120 atque
1224 4034 1364 4101 divinam
1393 4037 1426 4099 et

458 4135 592 4201 aethera
612 4136 740 4202 interim
763 4137 989 4222 interdumque
1011 4138 1166 4204 rationem
1189 4137 1257 4202 vult
1285 4137 1425 4202 omnium

461 4255 530 4301 esee
552 4237 758 4321 principinm;
787 4237 873 4303 idem
896 4239 1140 4325 interpretando
1162 4239 1316 4306 Iunonem
1339 4258 1425 4318 aera,

461 4341 567 4404 lovem
594 4339 731 4420 eaelum,
760 4339 944 4425 Neptunum
965 4362 1069 4422 mare,
1096 4341 1198 4424 ignem
1222 4362 1290 4407 esse
1314 4339 1427 4406 Vulca-
