3228 4972
615 545 822 610 „33-

161 741 237 819 dere,
262 752 433 820 corporeas
453 751 523 795 esse
547 731 716 798 confirmat
738 737 771 798 et
793 741 967 818 perpetuus
989 737 1042 819 (cd.
1059 737 1145 804 infra
1161 759 1231 824 cap.
1247 745 1279 807 6.

160 841 210 908 Νο.
233 842 284 906 58.
317 840 382 918 59.)
434 835 514 899 Cum
543 835 641 916 igitur
663 835 749 900 Zeno
779 839 813 900 τὸ
845 845 934 902 ποιὸν
963 844 996 904 et
1027 841 1081 916 τὰς
1114 843 1278 930 ποιότητας

161 946 282 1026 [nempe
304 943 401 1006 etiem
421 936 544 1005 colores
561 935 634 1019 (No.
652 939 707 1020 60)
731 937 906 1021 qualitates
927 960 999 1007 esse
1021 947 1163 1025 oportet;
1186 950 1222 1009 et
1238 947 1282 1011 vi·

160 1045 269 1110 delicet
289 1065 329 1108 ue
352 1041 477 1108 colores
500 1040 630 1123 quidem
653 1041 827 1106 monebunt
842 1044 961 1109 mundo
985 1046 1165 1132 exstincto]
1212 1071 1280 1116 cor-

158 1169 252 1230 poree
274 1153 307 1213 et
329 1147 524 1230 sempiterna
548 1165 618 1210 esse
639 1144 735 1223 dicat,
758 1144 844 1210 idem
860 1147 1025 1226 mundum,
1049 1153 1193 1232 quamvis
1212 1172 1277 1220 non

560 1301 868 1313 --------·e--—-—

157 1387 287 1452 Nolle.
305 1385 392 1450 Sext.
417 1385 506 1466 Emp.
538 1382 639 1446 Metn.
663 1381 721 1455 IX,
746 1385 799 1448 26:
833 1382 907 1448 ἔνιοι
935 1384 971 1448 δὲ
998 1385 1046 1449 ἐπὶ
1074 1388 1129 1473 τὴν
1158 1389 1279 1474 ἀπαραί-

305 1489 404 1571 paror
419 1486 468 1551 καί
484 1483 629 1550 εὔτακτον
646 1490 707 1548 τῶν
724 1486 877 1568 οὐρανίων
901 1489 1016 1574 κίνησιν
1037 1492 1280 1574 παραγινόμενοι

307 1592 384 1676 φασί
414 1592 467 1674 τὴν
498 1589 597 1674 ἀρχὴν
627 1593 694 1661 ταῖς
716 1592 778 1650 τῶν
802 1589 886 1651 deor
909 1589 1054 1664 ἐπινοίαις
1078 1592 1138 1654 ἀπὸ
1164 1593 1278 1679 ταύτης

306 1690 466 1775 γεγονέναι
489 1696 628 1773 πρῶτον·
656 1691 764 1775 ὥσπερ
787 1692 847 1775 γὰρ
872 1691 966 1767 εἴτις
987 1692 1036 1755 ἐπί
1058 1697 1113 1779 τῆς
1142 1695 1279 1781 Τρωικῆς

307 1795 518 1878 κοιλεζόμενος
540 1787 665 1880 'Iope‘
652 1795 739 1901 εώρα
769 1795 822 1879 τὴν
850 1798 913 1857 τῶν
936 1791 1091 1902 Ελλήνων
1114 1799 1278 1881 στρατείαν

305 1881 384 1965 ρετὰ
400 1881 513 1943 πολλοῦ
528 1837 645 1963 κόσμον
661 1903 708 1941 κοι
700 1878 847 1954 τιίξεως
863 1901 924 1952 τοις
940 1879 1057 1954 πεδίοις
1079 1885 1279 1964 προσιοῦσαν,

401 1984 517 2066 ἱππῆας
537 1980 595 2061 μὲν
619 1983 728 2064 πρῶτα
752 1980 809 2043 σὺν
831 1980 961 2044 ἵπποισιν
982 1984 1032 2047 καί
1055 1981 1190 2070 όχεσφιν,

403 2083 514 2157 πεζοὺς
538 2081 568 2144 δ’
594 2082 749 2161 ἐξόπιθεν,

307 2189 430 2262 πόντιος
458 2185 495 2248 dv
526 2187 543 2246 ό
568 2188 705 2259 τοιοῦτος
735 2185 779 2260 είς
807 2184 926 2248 ἔννοιαν
957 2186 1034 2272 ἧλιλε
1064 2187 1119 2250 τοι)
1146 2189 1192 2250 ότι
1216 2186 1280 2251 ἔστι

306 2313 350 2364 τις
372 2291 389 2350 ό
413 2288 587 2352 διατάσσων
610 2287 663 2372 τὴν
687 2287 828 2373 τοιαύτην
857 2289 943 2361 τιίξιν
966 2291 1015 2352 καί
1037 2289 1277 2374 ἐγκελευόμενος

221 2551 245 2601 3.
278 2547 354 2600 illam
378 2545 412 2599 ud
430 2543 526 2598 ἕνωσιν
547 2549 574 2594 ot
592 2541 715 2609 συναφὴν
734 2542 914 2609 pertinentem
938 2544 1099 2597 sententiam
1117 2559 1170 2598 non
1189 2551 1278 2612 poste·

157 2634 240 2686 riores
259 2633 358 2700 primos
377 2630 422 2684 sed
441 2630 493 2682 ianr
511 2628 705 2697 Pythagoricos
724 2627 867 2694 protulisse
895 2628 1036 2696 intelleges
1059 2644 1074 2681 e
1099 2628 1174 2683 Sexti
1192 2631 1279 2684 Math.

156 2717 214 2786 Vll,
237 2721 292 2771 102.
324 2718 458 2770 Zenonem
477 2720 567 2768 sutem
586 2716 707 2766 iuvenem
728 2713 800 2780 apud
814 2714 992 2768 Academicos
1006 2713 1176 2782 Pythagorea
1195 2717 1278 2770 imbu-

154 2810 209 2856 tum
229 2819 287 2857 esse
306 2801 427 2856 doctrina
445 2801 511 2852 sutis
529 2805 570 2852 est
589 2807 688 2852 notum.

220 2894 246 2943 4.
274 2888 339 2941 Gom
359 2888 405 2939 ills
424 2885 573 2939 Philodemi
587 2885 734 2953 σοναττταιή
753 2883 862 2951 (Nescio
875 2883 1065 2952 delegandum
1078 2884 1114 2938 sit
1135 2889 1277 2958 σονειιτικὴ

154 2972 186 3028 el.
204 2974 255 3028 No,
274 2976 338 3028 lla.
358 2975 414 3038 72.)
438 2985 502 3024 voce
521 2970 594 3023 illum
614 2974 736 3039 συναφῆς
760 2970 802 3021 καί
819 2971 946 3029 ἑνώσεως
965 2970 1113 3024 doctrinam
1138 2974 1279 3026 convenire

153 3075 204 3114 non
231 3067 272 3113 est
295 3074 343 3112 eur
361 3070 501 3124 negemus,
525 3056 651 3122 quonium
676 3055 773 3109 similia
790 3056 873 3109 verba
889 3055 1019 3124 imprimis
1038 3056 1113 3123 apud
1130 3056 1234 3113 Stoicos
1252 3065 1280 3113 et

155 3145 267 3213 amplius
291 3152 320 3197 et
343 3143 482 3210 angustius
505 3141 594 3195 valere
613 3141 708 3196 solent.
744 3141 777 3194 cf.
797 3142 932 3211 περιέχειν
951 3141 1022 3195 infra
1040 3141 1101 3195 adn.
1120 3141 1155 3195 ad
1168 3142 1217 3199 No.
1237 3147 1279 3210 68,

156 3233 259 3284 »omnia
277 3231 419 3297 complexu
438 3244 485 3280 suo
504 3234 626 3281 coercete
646 3226 696 3282 No.
716 3227 781 3292 24β,

219 3323 243 3372 5.
271 3317 438 3384 Quamquam
463 3314 607 3369 Dioscoroe
635 3329 687 3366 non
712 3313 806 3366 eadem
830 3327 883 3380 qua
908 3311 1006 3364 Sextus
1029 3313 1165 3366 sententia
1191 3315 1280 3370 Philo·

155 3401 246 3456 demus
265 3407 455 3456 commemorat
479 3400 519 3466 (ut
536 3399 658 3452 Hirzelio
683 3399 812 3467 videtur),
836 3403 924 3452 tamen
950 3395 1031 3449 etiam
1054 3397 1121 3450 illud
1144 3401 1279 3452 σπουδαία

153 3488 273 3548 διάθεσις
292 3487 407 3540 Zenonis
425 3501 483 3541 esse
500 3485 645 3540 verisimile
664 3493 712 3539 est.
732 3486 776 3552 (ef.
794 3484 844 3539 No.
866 3487 932 3551 100).

220 3577 244 3627 6.
271 3573 383 3626 Minime
409 3572 562 3625 reticuerim
586 3571 715 3639 denique,
740 3587 786 3624 eas
803 3586 870 3640 quas
889 3569 987 3624 Sextus
1004 3573 1046 3639 76,
1064 3573 1098 3626 27
1117 3577 1144 3625 et
1161 3574 1196 3626 86
1217 3588 1278 3640 pro·

152 3655 221 3711 ierat
240 3658 395 3718 sententias,
414 3655 569 3709 Ciceronem
587 3662 642 3710 nat.
661 3656 733 3711 deor.
752 3657 788 3723 Il,
809 3661 848 3718 15,
860 3659 981 3723 42-1o‚
994 3660 1029 3711 44
1041 3657 1182 3712 Aristoteli
1202 3658 1279 3710 attri-

151 3741 246 3804 buere;
266 3749 295 3795 at
314 3743 426 3798 forsitan
444 3743 536 3796 Zenon
554 3741 603 3794 has
621 3740 672 3795 sibi
691 3742 836 3808 sumpserit
854 3739 1000 3807 Stagiritae
1018 3741 1166 3811 opiniones.
1184 3772 1218 3782 —

219 3833 243 3883 7.
272 3828 428 3881 Gravissimi
441 3828 555 3896 denique
567 3827 695 3881 momenti
708 3826 757 3880 No.
777 3831 818 3895 48,
837 3827 880 3880 oui
899 3826 1012 3880 similem
1032 3827 1085 3881 iem
1104 3840 1187 3895 supro
1205 3842 1232 3895 p.
1244 3829 1279 3881 33

154 3912 225 3966 hunc
243 3914 331 3967 locum
350 3913 513 3980 comparavi,
532 3913 576 3966 ubi
595 3913 675 3967 claris
692 3912 781 3966 verbis
793 3913 927 3967 Zenonem
947 3910 1010 3976 ἕξις,
1027 3911 1116 3978 φύσις,
1135 3911 1208 3982 ψυχή
1228 3910 1279 3965 dis·

153 3999 267 4054 crevisse
291 4005 333 4052 est
351 3998 487 4053 traditum.
523 4001 677 4053 Zenoneum
696 4004 787 4052 autem
805 3999 893 4052 locum
912 4013 971 4051 esse
991 4012 1006 4051 e
1023 3995 1113 4050 verbis
1132 3996 1280 4065 σύμφωνος

148 4086 165 4153 ἡ
184 4084 254 4144 δόξα
272 4085 360 4139 elucet
376 4086 422 4152 (ci.
441 4085 516 4140 Steiu
536 4086 552 4138 l.
571 4085 589 4140 l.
609 4086 630 4152 1,
649 4101 675 4152 p.
697 4089 747 4139 154
764 4090 792 4138 et
809 4084 860 4139 No.
878 4083 969 4152 23,β).

217 4170 293 4225 Sexti
312 4171 360 4232 tx,
379 4174 413 4224 26
436 4172 523 4225 locum
546 4176 636 4225 autem
655 4169 780 4224 Citiensis
804 4184 862 4226 esse
886 4170 1021 4239 suspicor,
1045 4185 1106 4224 cum
1131 4169 1224 4223 similis
1243 4170 1278 4221 sit

149 4256 283 4310 sententia
296 4262 323 4309 et
336 4261 466 4323 sequatur
485 4259 556 4308 »τῶν
569 4255 600 4306 δὲ
620 4256 763 4322 νεωτέρων
777 4257 926 4318 necron«,
939 4255 1093 4310 Aristotelis
1112 4259 1202 4308 autem
1223 4255 1276 4308 iam

149 4345 183 4396 23
200 4342 301 4396 mentio
322 4343 357 4396 sit
376 4343 456 4397 lacta.
