3228 4972
644 606 853 669 ..27-

185 794 364 863 animantes
384 799 532 881 procreet
553 798 586 860 ot
607 797 772 878 compotes
793 791 942 874 rationis,
965 793 1037 876 ipsa
1059 792 1175 858 meniis
1199 795 1308 876 potest

187 918 257 965 esso
279 919 403 984 oxpors.
450 897 603 963 Animans
623 901 673 962 ost
694 895 793 979 igitur
807 895 945 962 mundus
960 914 1151 978 composque
1165 893 1303 960 rationis

186 1001 238 1085 (of.
261 1003 411 1068 36-38.
436 1002 502 1085 68.)
547 999 649 1078 Quam
680 999 839 1066 rationem
861 999 1004 1064 divinam
1026 997 1183 1064 artificem
1206 997 1303 1076 dicas,

185 1105 299 1189 inquit,
324 1125 387 1188 qua
410 1103 518 1169 omnia
540 1108 687 1169 creentur
709 1106 741 1168 ei
763 1108 924 1187 regantur.
964 1105 1055 1186 (24α.
1077 1103 1155 1186 24β.
1176 1101 1241 1179 42).

274 1210 303 1273 6.
350 1206 466 1290 Itaque
486 1205 572 1271 idem
594 1205 685 1286 λόγος
707 1205 889 1270 nominatur
912 1203 985 1288 (No.
1001 1208 1027 1269 1.
1041 1205 1098 1288 6β.
1113 1207 1163 1268 42.
1177 1206 1227 1270 43.
1241 1204 1307 1286 44),

186 1311 278 1392 λόγος
291 1307 498 1393 σπερματικός
510 1306 581 1389 (No.
596 1309 661 1388 54),
675 1310 755 1387 νοῦς,
772 1306 843 1382 νοῦς
856 1307 981 1393 κόσμου,
996 1308 1120 1373 animus
1131 1308 1219 1375 Jovis
1231 1303 1306 1390 (No.

593 1448 899 1458 ——-...-

339 1514 439 1597 rocio
473 1511 536 1577 τοῦ
567 1513 616 1599 μὴ
648 1511 798 1595 λογικοῦ
832 1514 889 1577 καὶ
924 1513 961 1576 τι)
997 1513 1130 1599 νοερὸν
1165 1515 1227 1577 τοῦ
1259 1512 1308 1598 μὴ

340 1615 474 1702 νοεροῡ
501 1618 559 1681 καὶ
589 1617 626 1678 τὸ
657 1613 822 1704 ἔμψυχον
850 1618 913 1678 τοῦ
945 1616 993 1702 μὴ
1016 1615 1200 1704 ἐμψύχου,
1231 1614 1308 1679 oo&

339 1720 487 1795 Ἀλεξῖνος
512 1719 622 1783 ου’κέτι.
668 1717 708 1782 cf.
731 1717 808 1782 ibid.
833 1717 888 1794 lx,
914 1719 983 1784 138.

187 1822 246 1887 Νο.
259 1824 312 1892 39.
337 1823 426 1906 Diog.
456 1822 562 1887 Laert.
586 1819 662 1900 VII,
694 1823 766 1887 148:
803 1821 910 1886 οὐσίαν
940 1821 977 1886 δὲ
1003 1821 1082 1886 θεοῦ
1111 1822 1223 1908 Ζήνων
1250 1821 1308 1907 μέν

340 1949 414 2012 φησι
437 1926 583 1988 τὸνόλον
606 1924 722 2009 κόσμον
745 1925 793 1987 καὶ
815 1927 867 1987 τὸν
891 1922 1034 2008 ου’ρανόν,
1064 1923 1181 2011 όμοόιυς
1204 1924 1239 1988 oi
1262 1925 1310 1987 καὶ

340 2028 515 2114 Χρύσιππος
541 2027 576 2091 ἐν
604 2029 647 2113 τῷ
675 2028 792 2114 πρώτῳ
823 2025 895 2112 περὶ
917 2026 1002 2091 όεῶν
1027 2029 1075 2091 καὶ
1098 2026 1310 2103 Ποσειδώνιος

338 2130 371 2194 ἐν
394 2134 511 2218 πρώτῳ
535 2131 604 2216 περὶ
624 2129 721 2194 θεῶν.

187 2231 246 2298 Νο.
263 2234 313 2297 40.
338 2234 421 2298 sotii
444 2233 530 2298 Plao.
555 2233 578 2311 Ι,
604 2235 631 2312 7,
657 2235 697 2298 23
721 2233 815 2316 (Dox.
839 2253 870 2317 p.
895 2233 982 2315 303).
1020 2233 1108 2298 Stob.
1134 2232 1190 2299 eol.
1215 2233 1239 2313 Ι,
1267 2234 1308 2298 60

338 2335 377 2400 Η.
401 2337 442 2402 35
465 2334 529 2401 W.:
565 2335 677 2422 Ζήνων
706 2337 722 2398 ό
749 2335 888 2411 Στωικός
917 2339 987 2399 νοῦν
1021 2335 1139 2419 κόσμου
1172 2337 1307 2423 πύρινον.

340 2440 466 2524 [κόσμον
482 2441 548 2523 JP:
572 2459 651 2504 corr.
673 2437 805 2504 Krische
828 2437 924 2504 theol.
947 2459 979 2522 p.
997 2439 1069 2504 378.
1086 2437 1150 2523 W.]
1175 2443 1231 2523 (so.
1256 2442 1308 2504 τὸν

338 2541 414 2606 θεὸν
438 2541 516 2605 εἶναι’
537 2542 655 2628 φησιν).

188 2642 247 2708 Νο.
264 2646 314 2708 41.
339 2643 499 2728 Epiphan.
530 2644 601 2708 adv.
632 2643 721 2708 haer.
751 2643 779 2722 1,
811 2647 839 2709 5.
872 2643 924 2727 (T.
949 2644 973 2723 Ι,
997 2665 1028 2728 p.
1053 2646 1124 2724 291,
1149 2649 1190 2710 29
1214 2646 1308 2712 Dind.

340 2745 422 2810 Dox.
434 2765 466 2829 p.
483 2747 554 2824 588,
575 2748 640 2826 ll):
665 2743 757 2832 ἔσχον
772 2743 808 2806 δὲ
824 2743 959 2830 Ζήνωνα
974 2745 1112 2832 ἀρχηγόν
1127 2749 1181 2832 τῆς
1196 2746 1308 2827 Στοᾶς,

340 2851 411 2934 περὶ
433 2847 469 2912 οὗ
493 2847 587 2923 πολὺς
616 2847 774 2930 όρυλεῐιαι
795 2847 887 2929 λόγος
916 2897 923 2911 .
949 2897 956 2912 .
982 2897 989 2912 .
1014 2896 1021 2912 .
1050 2849 1164 2932 φάσκει
1186 2847 1240 2912 οὖν
1263 2854 1311 2914 καὶ

340 2950 433 3026 οὗτος
461 2954 516 3038 τὴν
546 2951 618 3036 ὕλην
648 2950 818 3038 σόγχρονον
846 2952 981 3034 καλῶνῙ)
1012 2954 1059 3036 τῷ
1082 2951 1151 3038 θεῷ
1172 2951 1222 3016 ἴσα
1245 2959 1311 3029 ταῖς

340 3053 446 3129 ἄλλοις
474 3053 624 3136 αἱρέσεων
653 3053 842 3140 εἱμαρμένην
873 3077 905 3116 τε
934 3053 1011 3117 εἶναι
1037 3056 1085 3118 καὶ
1108 3055 1242 3136 γένεσιν,
1274 3056 1313 3130 ἐξ

339 3155 377 3242 ἧς
405 3158 444 3220 τὰ
474 3157 573 3219 πάντα
596 3159 751 3221 διοικεῖται
781 3157 829 3218 καὶ
857 3157 980 3245 πάσχει.
1027 3159 1050 3239 ¹)
1061 3157 1175 3234 [καλεῖν
1198 3157 1309 3238 vulgo:

343 3279 425 3324 corr.
450 3257 589 3338 Oehlor]
614 3259 665 3342 (of.
690 3257 868 3322 Baoomkor
890 3257 909 3323 l.
934 3258 954 3322 l.
979 3279 1009 3340 p.
1034 3260 1096 3323 362
1120 3258 1210 3342 adn.)

187 3359 246 3425 No.
263 3362 305 3424 42
329 3360 515 3425 Lactantius
542 3362 581 3425 do
609 3383 685 3426 vera
712 3381 781 3443 sap.
810 3380 836 3424 ο.
866 3361 898 3425 9;
929 3361 1013 3426 Zeno
1040 3381 1148 3426 rerum
1176 3369 1310 3428 naturas

341 3464 565 3549 dispositorem
590 3470 687 3546 atque
708 3461 854 3546 opificem
872 3463 1089 3528 universitatis
1113 3465 1203 3544 λόγον
1218 3485 1311 3548 prae-

342 3568 438 3645 dicat,
463 3588 556 3650 quom
579 3573 612 3632 et
626 3564 726 3632 fatum
751 3572 783 3630 et
805 3566 1027 3632 necessitatem
1043 3587 1148 3632 rerum
1165 3572 1196 3632 st
1215 3567 1310 3634 deum

341 3676 374 3735 et
396 3672 537 3735 animum
559 3670 643 3734 Iovis
666 3675 836 3752 nuncupat.

189 3771 248 3837 No.
266 3774 317 3838 43.
343 3771 529 3838 Tertullian.
546 3773 707 3855 apologet.
725 3775 775 3850 21,
797 3777 822 3836 l.
839 3773 872 3836 T.
889 3771 914 3851 Ι,
930 3792 961 3856 p.
976 3773 1046 3838 198.
1065 3771 1196 3841 Oehlsr:
1213 3772 1309 3858 Apud

346 3863 468 3940 vestros
484 3895 610 3959 quoque
625 3877 786 3958 sapientes
801 3876 892 3959 Myso
908 3874 941 3939 id
957 3882 1006 3940 est
1020 3895 1198 3942 sermonem
1214 3882 1311 3960 atque

342 3977 498 4043 rationem
526 3981 652 4042 constat
675 3975 829 4044 artificem
855 3977 955 4041 videri
976 3977 1203 4062 universitatis,
1226 3980 1311 4045 huno

341 4081 422 4146 enim
440 4081 524 4146 Zeno
544 4080 742 4146 determinat
764 4081 958 4161 factitorem‚
982 4082 1037 4164 qui
1060 4087 1174 4148 cuncta
1196 4082 1309 4149 indis·

340 4183 496 4265 positione
512 4185 715 4263 formaverit3
731 4185 866 4250 eundem
883 4191 916 4248 et
930 4183 1033 4250 fatum
1049 4186 1156 4251 vocari
1171 4195 1203 4251 et
1216 4187 1310 4251 deum

340 4293 371 4350 st
404 4287 545 4354 animum
574 4287 657 4353 lovis
691 4294 724 4352 et
757 4289 977 4353 necessitatem
1020 4289 1160 4354 omnium
1192 4307 1309 4361 rorum.

340 4386 516 4474 (Waohsm.
541 4387 578 4471 fr.
602 4388 655 4474 ph.
682 4389 745 4474 30).
