3228 4972
750 583 959 646 ,26-

294 763 345 847 (ci.
367 763 450 830 inire
470 786 501 849 p.
519 767 574 849 36)
601 787 702 851 neque
718 764 836 831 mundo
852 766 1028 850 quidquam
1044 769 1155 836 melius
1171 790 1240 836 esse
1258 772 1414 838 videatur.

292 867 364 949 (Nc.
381 867 431 931 37.
449 868 499 933 38.
517 870 567 934 45.
587 871 653 954 46.)

379 973 408 1036 5.
454 970 546 1038 Unde
563 973 660 1039 etiem
677 973 759 1041 effici
776 973 923 1053 docebat,
947 974 1100 1041 mundum
1124 975 1248 1042 ratione
1271 975 1415 1043 consilio·

293 1093 356 1156 qne
372 1073 423 1138 dei
445 1073 674 1142 administrari.
712 1075 824 1160 Neque
839 1077 921 1142 enim
938 1082 1064 1157 nature,
1088 1078 1196 1162 pergit
1212 1078 1308 1159 Zeno,
1332 1099 1413 1164 quus

445 1287 716 1367 compotesque
750 1283 924 1348 rationis.
986 1283 1166 1350 Animens
1201 1289 1262 1350 est
1295 1284 1415 1367 igitur

446 1385 603 1449 mundus
632 1404 861 1468 composque
887 1386 1083 1451 rationis«.
1134 1388 1165 1470 d)
1196 1387 1348 1471 Idemque
1374 1385 1415 1451 si·

445 1486 636 1567 militudine,
670 1492 706 1553 ut
733 1506 831 1571 saepe
858 1487 954 1568 solet,
987 1490 1144 1557 rationem
1172 1489 1327 1555 conclusit
1353 1490 1415 1555 hoo

444 1589 551 1655 modo:
586 1589 641 1656 ‚si
669 1610 712 1655 ex
740 1590 843 1655 olive
869 1589 1066 1656 modulate
1088 1595 1270 1657 canentes
1292 1590 1413 1656 tibiae

443 1701 711 1771 nascerentur,
744 1713 826 1758 num
850 1692 1067 1774 dubitares,
1095 1693 1184 1778 quin
1207 1693 1354 1759 inesset
1375 1692 1413 1756 in

444 1793 544 1859 oliva
575 1796 746 1861 tibicinii
778 1795 965 1880 quaedam
992 1796 1180 1862 scientie?
1224 1795 1343 1874 Quid?
1380 1797 1413 1859 si

442 1896 593 1980 platani
615 1898 799 1963 fidiculae
822 1899 972 1964 ferrent
995 1919 1196 1966 numerose
1212 1903 1411 1977 sonantes,

443 2000 540 2065 idem
564 2001 715 2068 scilicet
735 2022 913 2067 censeres
932 2004 968 2067 in
989 2003 1159 2086 plutonis
1185 2004 1310 2067 inesse
1337 2022 1412 2066 mu-

443 2104 569 2168 sicem.
623 2105 695 2170 Gur
724 2105 846 2186 igitur
874 2105 1034 2170 mundos
1061 2126 1132 2169 non
1161 2105 1332 2168 animans
1359 2123 1411 2168 su·

442 2207 626 2291 piensque
656 2206 865 2287 indicetur,
893 2228 974 2273 cum
999 2229 1042 2272 ex
1065 2229 1103 2273 se
1133 2213 1314 2291 procreet
1336 2207 1412 2271 eni·

443 2314 590 2374 montes
613 2316 727 2393 etque
750 2310 984 2393 sapientes?‹

290 2407 349 2474 No.
368 2411 418 2475 37.
443 2410 506 2476 Cic.
531 2412 570 2475 de
593 2418 658 2476 nat.
689 2412 776 2478 deor.
805 2411 866 2492 ΙΙΙ,
895 2415 927 2491 9“,
958 2416 1013 2479 22:
1048 2413 1164 2478 »Istum
1193 2414 1275 2479 enirn
1306 2411 1410 2478 locum

444 2519 546 2579 totum
571 2512 626 2576 ille
648 2520 738 2577 vetus
755 2515 889 2580 Zenonis
910 2515 1013 2579 brevis
1036 2521 1077 2592 et,
1102 2521 1138 2579 nt
1153 2516 1212 2579 tibi
1229 2515 1408 2594 videbatur,

443 2621 538 2679 acute
562 2616 719 2684 conclusio
741 2617 896 2683 dilatavit.
949 2620 1033 2686 Zeno
1056 2619 1137 2683 enim
1162 2620 1208 2682 ite
1231 2617 1407 2685 concludit:

446 2717 555 2794 »Quod
579 2721 702 2786 ratione
725 2723 840 2802 utitur,
869 2723 900 2786 id
925 2721 1036 2786 melius
1059 2727 1108 2786 est
1130 2741 1224 2805 quem
1249 2720 1297 2795 id,
1321 2719 1407 2802 quod

448 2822 572 2887 ratione
596 2843 657 2888 non
680 2826 789 2888 utitur.
837 2823 922 2889 Nihil
945 2830 1050 2889 nutem
1076 2825 1194 2888 mundo
1211 2822 1338 2888 meiius:
1362 2841 1410 2886 rs-

442 2923 528 2989 tione
550 2924 647 3008 igitur
669 2925 805 2990 mundus
828 2927 956 2992 utitur«

288 3022 347 3088 Nc.
363 3025 413 3090 38.
438 3026 523 3090 Sext.
549 3027 830 3111 Emp.Math.1x‚
858 3030 929 3094 104:
954 3029 1009 3093 Καὶ
1029 3030 1116 3093 πάλιν
1132 3032 1149 3093 d
1166 3029 1277 3114 Ζήνων
1301 3027 1409 3115 φησίν·

444 3130 497 3190 »τὸ
529 3130 648 3211 λογικὸν
677 3135 730 3195 τού
756 3134 799 3217 μή
829 3131 949 3214 λογικοῦ
976 3133 1114 3218 κμεῖττύν
1136 3131 1231 3196 ἐστιν·
1259 3132 1351 3198 odric
1373 3131 1409 3196 δὲ

443 3254 479 3313 γε
499 3232 616 3318 κόσμου
640 3235 777 3319 κρεῖττόν
800 3235 892 3300 ἐστιν.
931 3236 1050 3317 λογικὸν
1072 3234 1135 3317 ἄρα
1158 3236 1174 3294 d
1199 3233 1323 3318 κύαμος.
1360 3235 1409 3297 καὶ

441 3335 591 3412 ὡσαύτως
615 3337 666 3401 ἐπὶ
684 3336 739 3402 τοῦ
764 3343 875 3424 νοεμοῦ
897 3340 947 3402 καὶ
969 3338 1123 3427 ἐμψυχίας
1144 3337 1338 3424 μετέχοντος.
1375 3339 1407 3401 τὸ

441 3438 501 3522 κὰμ
536 3441 646 3519 νοερὸν
680 3439 735 3505 τοῦ
762 3443 805 3526 μή
838 3445 948 3526 νοερού
978 3443 1026 3505 καὶ
1055 3439 1088 3503 τύ
1119 3437 1253 3526 ἔμψυχον
1283 3437 1336 3503 τοῦ
1363 3442 1406 3526 μή

440 3539 580 3628 ἐμψύχου
601 3544 737 3628 κρεῖττόν
761 3543 853 3608 ἐστιν.
892 3543 982 3608 οὐδὲν
1005 3542 1042 3607 δέ
1064 3567 1099 3625 γε
1117 3543 1232 3628 κόσμου
1254 3543 1405 3628 κρεῖττον·

441 3645 551 3726 νοεμὸς
578 3642 641 3729 ἅμα
671 3647 719 3706 καὶ
748 3643 884 3733 ἔμψυχός
914 3643 996 3709 ἐστιν
1019 3646 1036 3708 ὁ
1058 3645 1201 3729 redonen«
1249 3643 1326 3707 ibid.
1352 3643 1405 3721 lX,

445 3746 516 3810 108:
543 3744 636 3808 »Ἀλλ’
654 3747 673 3807 d
687 3771 722 3829 γε
737 3745 888 3822 Ἀλεξῖνος
908 3750 955 3834 τῷ
971 3748 1092 3836 Ζήνωνι
1116 3746 1277 3830 παρέβαλε
1301 3746 1406 3830 τρόπῳ

440 3847 531 3934 τῷδε.
580 3851 613 3910 τι)
641 3853 792 3936 ποιητικὸν
820 3854 875 3915 τοῦ
895 3853 938 3939 μή
962 3847 1115 3937 ποιητικοῦ
1138 3850 1185 3912 καὶ
1207 3850 1242 3912 τὸ
1264 3872 1407 3934 γραμμα-

440 3950 521 4011 τικὸν
547 3951 603 4012 τού
628 3951 672 4038 μή
701 3949 915 4038 γραμματικοῦ
943 3950 1178 4036 κμεῖττύνὲστι,
1201 3951 1307 4015 καὶτὸ
1330 3951 1407 4014 κατὰ

440 4051 493 4123 τὰς
520 4050 613 4124 ἄλλος
646 4051 756 4141 τέχνας
778 4051 1000 4138 θεωρούμενον
1023 4053 1160 4138 κρεῖττόν
1183 4053 1275 4118 ἐστιν.
1321 4076 1405 4138 ποιη-

439 4155 519 4216 τικὸν
547 4154 609 4238 ἄρα
638 4157 686 4218 καὶ
714 4159 925 4240 γραμματικόν
952 4156 1032 4220 ἐστιν
1060 4158 1077 4219 ὁ
1102 4156 1223 4240 κόσμος.
1270 4157 1348 4238 πρὸς
1369 4155 1406 4240 ήν

440 4255 638 4332 ἀπαντῶντες
664 4259 848 4345 παραβολήν
876 4261 904 4323 ού
932 4260 1055 4323 στωικοὶ
1080 4283 1171 4344 φασιν
1194 4260 1248 4322 dre
1277 4258 1405 4344 Ζήνων

438 4359 478 4421 τὸ
502 4356 679 4431 καθάπαξ
699 4362 866 4447 κρεῖττον
894 4358 1062 4448 εἴληφεν,
1090 4360 1260 4424 τουτέστι
1287 4362 1325 4423 τὸ
1348 4362 1406 4424 λο-
